%% This BibTeX bibliography file was created using BibDesk.
%% http://bibdesk.sourceforge.net/


%% Created for Alan Sanders at 2015-07-12 15:52:14 +0100 


%% Saved with string encoding Unicode (UTF-8) 



@article{scholten2007enhanced,
	Author = {Scholten, RE},
	Date-Added = {2015-07-12 14:49:01 +0000},
	Date-Modified = {2015-07-12 14:49:01 +0000},
	Journal = {Review of scientific instruments},
	Number = {2},
	Pages = {026101},
	Publisher = {AIP Publishing},
	Title = {Enhanced laser shutter using a hard disk drive rotary voice-coil actuator},
	Volume = {78},
	Year = {2007}}

@article{maguire2004high,
	Author = {Maguire, LP and Szilagyi, S and Scholten, RE},
	Date-Added = {2015-07-12 14:48:51 +0000},
	Date-Modified = {2015-07-12 14:48:51 +0000},
	Journal = {Review of Scientific Instruments},
	Number = {9},
	Pages = {3077},
	Publisher = {[Lancaster, Pa., etc.]: American Institute of Physics},
	Title = {High performance laser shutter using a hard disk drive voice-coil actuator},
	Volume = {75},
	Year = {2004}}
