%% This BibTeX bibliography file was created using BibDesk.
%% http://bibdesk.sourceforge.net/


%% Created for Alan Sanders at 2015-07-09 15:52:35 +0100 


%% Saved with string encoding Unicode (UTF-8) 



@article{benz2014,
	Author = {Benz, Felix and Tserkezis, Christos and Herrmann, Lars O and de Nijs, Bart and Sanders, Alan and Sigle, Daniel O and Pukenas, Laurynas and Evans, Stephen D and Aizpurua, Javier and Baumberg, Jeremy J},
	Date-Added = {2015-07-09 14:52:22 +0000},
	Date-Modified = {2015-07-09 14:52:32 +0000},
	Journal = {Nano letters},
	Number = {1},
	Pages = {669--674},
	Publisher = {ACS Publications},
	Title = {Nanooptics of molecular-shunted plasmonic nanojunctions},
	Volume = {15},
	Year = {2014}}

@article{ropers2007,
	Author = {Ropers, C and Neacsu, CC and Elsaesser, T and Albrecht, M and Raschke, MB and Lienau, C},
	Date-Added = {2015-07-07 13:08:37 +0000},
	Date-Modified = {2015-07-07 13:08:42 +0000},
	Journal = {Nano letters},
	Number = {9},
	Pages = {2784--2788},
	Publisher = {ACS Publications},
	Title = {Grating-coupling of surface plasmons onto metallic tips: a nanoconfined light source},
	Volume = {7},
	Year = {2007}}

@article{kadkhodazadeh2014scaling,
	Author = {Kadkhodazadeh, Shima and de Lasson, Jakob Rosenkrantz and Beleggia, Marco and Kneipp, Harald and Wagner, Jakob Birkedal and Kneipp, Katrin},
	Date-Added = {2015-07-07 10:26:55 +0000},
	Date-Modified = {2015-07-07 10:26:55 +0000},
	Journal = {The Journal of Physical Chemistry C},
	Number = {10},
	Pages = {5478--5485},
	Publisher = {ACS Publications},
	Title = {Scaling of the surface plasmon resonance in gold and silver dimers probed by EELS},
	Volume = {118},
	Year = {2014}}

@article{komsiyska2008,
	Author = {Komsiyska, L and Staikov, G},
	Date-Added = {2015-06-17 10:49:21 +0000},
	Date-Modified = {2015-06-17 10:49:29 +0000},
	Journal = {Electrochimica Acta},
	Number = {2},
	Pages = {168--172},
	Publisher = {Elsevier},
	Title = {Electrocrystallization of Au nanoparticles on glassy carbon from HClO 4 solution containing [AuCl 4]-},
	Volume = {54},
	Year = {2008}}

@article{christensen2011graphene,
	Author = {Christensen, Johan and Manjavacas, Alejandro and Thongrattanasiri, Sukosin and Koppens, Frank HL and Garc{\'\i}a de Abajo, F Javier},
	Date-Added = {2015-06-17 08:41:56 +0000},
	Date-Modified = {2015-06-17 08:41:56 +0000},
	Journal = {ACS nano},
	Number = {1},
	Pages = {431--440},
	Publisher = {ACS Publications},
	Title = {Graphene plasmon waveguiding and hybridization in individual and paired nanoribbons},
	Volume = {6},
	Year = {2011}}

@article{chen2012optical,
	Author = {Chen, Jianing and Badioli, Michela and Alonso-Gonz{\'a}lez, Pablo and Thongrattanasiri, Sukosin and Huth, Florian and Osmond, Johann and Spasenovi{\'c}, Marko and Centeno, Alba and Pesquera, Amaia and Godignon, Philippe and others},
	Date-Added = {2015-06-17 08:40:45 +0000},
	Date-Modified = {2015-06-17 08:40:45 +0000},
	Journal = {Nature},
	Number = {7405},
	Pages = {77--81},
	Publisher = {Nature Publishing Group},
	Title = {Optical nano-imaging of gate-tunable graphene plasmons},
	Volume = {487},
	Year = {2012}}

@article{koppens2011graphene,
	Author = {Koppens, Frank HL and Chang, Darrick E and Garcia de Abajo, F Javier},
	Date-Added = {2015-06-17 08:40:28 +0000},
	Date-Modified = {2015-06-17 08:40:28 +0000},
	Journal = {Nano letters},
	Number = {8},
	Pages = {3370--3377},
	Publisher = {ACS Publications},
	Title = {Graphene plasmonics: a platform for strong light--matter interactions},
	Volume = {11},
	Year = {2011}}

@article{landauer1957spatial,
	Author = {Landauer, Rolf},
	Date-Added = {2015-06-16 09:00:39 +0000},
	Date-Modified = {2015-06-16 09:00:39 +0000},
	Journal = {IBM Journal of Research and Development},
	Number = {3},
	Pages = {223--231},
	Publisher = {IBM},
	Title = {Spatial variation of currents and fields due to localized scatterers in metallic conduction},
	Volume = {1},
	Year = {1957}}

@article{blanco2006stm,
	Author = {Blanco, Jose Manuel and Flores, Fernando and P{\'e}rez, Rub{\'e}n},
	Date-Added = {2015-06-15 11:55:53 +0000},
	Date-Modified = {2015-06-15 11:55:53 +0000},
	Journal = {Progress in surface science},
	Number = {10},
	Pages = {403--443},
	Publisher = {Elsevier},
	Title = {STM-theory: Image potential, chemistry and surface relaxation},
	Volume = {81},
	Year = {2006}}

@article{esteban2015,
	Author = {Esteban, Rub{\'e}n and Zugarramurdi, Asier and Zhang, Pu and Nordlander, Peter and Garc{\'\i}a-Vidal, Francisco J and Borisov, Andrei G and Aizpurua, Javier},
	Date-Added = {2015-06-14 10:11:23 +0000},
	Date-Modified = {2015-06-14 10:11:37 +0000},
	Journal = {Faraday discussions},
	Pages = {151--183},
	Publisher = {Royal Society of Chemistry},
	Title = {A classical treatment of optical tunneling in plasmonic gaps: extending the quantum corrected model to practical situations},
	Volume = {178},
	Year = {2015}}

@article{barbry2015,
	Author = {Barbry, Marc and Koval, Peter and Marchesin, Federico and Esteban, Ruben and Borisov, Andrey G and Aizpurua, Javier and S{\'a}nchez-Portal, Daniel},
	Date-Added = {2015-06-14 08:41:47 +0000},
	Date-Modified = {2015-06-14 08:41:54 +0000},
	Journal = {Nano letters},
	Publisher = {ACS Publications},
	Title = {Atomistic near-field nanoplasmonics: reaching atomic-scale resolution in nanooptics},
	Year = {2015}}

@article{wharam1988one,
	Author = {Wharam, DA and Thornton, TJ and Newbury, R and Pepper, M and Ahmed, H and Frost, JEF and Hasko, DG and Peacock, DC and Ritchie, DA and Jones, GAC},
	Date-Added = {2015-06-11 10:57:00 +0000},
	Date-Modified = {2015-06-11 10:57:00 +0000},
	Journal = {Journal of Physics C: solid state physics},
	Number = {8},
	Pages = {L209},
	Publisher = {IOP Publishing},
	Title = {One-dimensional transport and the quantisation of the ballistic resistance},
	Volume = {21},
	Year = {1988}}

@article{van1988quantized,
	Author = {Van Wees, BJ and Van Houten, H and Beenakker, CWJ and Williamson, J Gr and Kouwenhoven, LP and Van der Marel, D and Foxon, CT},
	Date-Added = {2015-06-11 10:55:02 +0000},
	Date-Modified = {2015-06-11 10:55:02 +0000},
	Journal = {Physical Review Letters},
	Number = {9},
	Pages = {848},
	Publisher = {APS},
	Title = {Quantized conductance of point contacts in a two-dimensional electron gas},
	Volume = {60},
	Year = {1988}}

@article{lombardi2015,
	Author = {Lombardi, A. and Weller, L.},
	Date-Added = {2015-06-05 07:35:28 +0000},
	Date-Modified = {2015-06-05 07:37:41 +0000},
	Journal = {in preparation},
	Title = {Revealing the near-field plasmonic resonances in single nanostructures using tuneable SERS},
	Year = {2015}}

@article{meng2015,
	Author = {Meng, Lingyan and Huang, Tengxiang and Wang, Xiang and Chen, Shu and Yang, Zhilin and Ren, Bin},
	Date-Added = {2015-06-02 12:36:07 +0000},
	Date-Modified = {2015-06-02 12:36:12 +0000},
	Journal = {Optics Express},
	Number = {11},
	Pages = {13804--13813},
	Publisher = {Optical Society of America},
	Title = {Gold-coated AFM tips for tip-enhanced Raman spectroscopy: theoretical calculation and experimental demonstration},
	Volume = {23},
	Year = {2015}}

@article{hao2004,
	Author = {Hao, Encai and Schatz, George C},
	Date-Added = {2015-05-31 21:51:13 +0000},
	Date-Modified = {2015-05-31 21:51:19 +0000},
	Journal = {The Journal of chemical physics},
	Number = {1},
	Pages = {357--366},
	Publisher = {AIP Publishing},
	Title = {Electromagnetic fields around silver nanoparticles and dimers},
	Volume = {120},
	Year = {2004}}

@article{talley2005,
	Author = {Talley, Chad E and Jackson, Joseph B and Oubre, Chris and Grady, Nathaniel K and Hollars, Christopher W and Lane, Stephen M and Huser, Thomas R and Nordlander, Peter and Halas, Naomi J},
	Date-Added = {2015-05-31 21:49:44 +0000},
	Date-Modified = {2015-05-31 21:49:50 +0000},
	Journal = {Nano Letters},
	Number = {8},
	Pages = {1569--1574},
	Publisher = {ACS Publications},
	Title = {Surface-enhanced Raman scattering from individual Au nanoparticles and nanoparticle dimer substrates},
	Volume = {5},
	Year = {2005}}

@article{sonnichsen2000,
	Author = {S{\"o}nnichsen, C and Geier, S and Hecker, NE and Von Plessen, G and Feldmann, J and Ditlbacher, H and Lamprecht, B and Krenn, JR and Aussenegg, FR and Chan, V ZH and others},
	Date-Added = {2015-05-31 14:45:18 +0000},
	Date-Modified = {2015-05-31 14:45:24 +0000},
	Journal = {Applied Physics Letters},
	Number = {19},
	Pages = {2949--2951},
	Publisher = {AIP Publishing},
	Title = {Spectroscopy of single metallic nanoparticles using total internal reflection microscopy},
	Volume = {77},
	Year = {2000}}

@article{okamoto2003,
	Author = {Okamoto, Takayuki and Yamaguchi, Ichirou},
	Date-Added = {2015-05-31 14:44:42 +0000},
	Date-Modified = {2015-05-31 14:44:49 +0000},
	Journal = {The Journal of Physical Chemistry B},
	Number = {38},
	Pages = {10321--10324},
	Publisher = {ACS Publications},
	Title = {Optical absorption study of the surface plasmon resonance in gold nanoparticles immobilized onto a gold substrate by self-assembly technique},
	Volume = {107},
	Year = {2003}}

@article{noguez2007,
	Author = {Noguez, Cecilia},
	Date-Added = {2015-05-31 14:40:26 +0000},
	Date-Modified = {2015-05-31 14:40:31 +0000},
	Journal = {The Journal of Physical Chemistry C},
	Number = {10},
	Pages = {3806--3819},
	Publisher = {ACS Publications},
	Title = {Surface plasmons on metal nanoparticles: the influence of shape and physical environment},
	Volume = {111},
	Year = {2007}}

@article{mubeen2012,
	Author = {Mubeen, Syed and Zhang, Shunping and Kim, Namhoon and Lee, Seungjoon and Kr{\"a}mer, Stephan and Xu, Hongxing and Moskovits, Martin},
	Date-Added = {2015-05-31 14:38:21 +0000},
	Date-Modified = {2015-05-31 14:38:26 +0000},
	Journal = {Nano letters},
	Number = {4},
	Pages = {2088--2094},
	Publisher = {ACS Publications},
	Title = {Plasmonic properties of gold nanoparticles separated from a gold mirror by an ultrathin oxide},
	Volume = {12},
	Year = {2012}}

@article{kinnan2007,
	Author = {Kinnan, Mark K and Chumanov, George},
	Date-Added = {2015-05-31 14:36:40 +0000},
	Date-Modified = {2015-05-31 14:36:45 +0000},
	Journal = {The Journal of Physical Chemistry C},
	Number = {49},
	Pages = {18010--18017},
	Publisher = {ACS Publications},
	Title = {Surface enhanced Raman scattering from silver nanoparticle arrays on silver mirror films: plasmon-induced electronic coupling as the enhancement mechanism},
	Volume = {111},
	Year = {2007}}

@article{daniels2005,
	Author = {Daniels, Jacquitta K and Chumanov, George},
	Date-Added = {2015-05-31 14:35:54 +0000},
	Date-Modified = {2015-05-31 14:35:59 +0000},
	Journal = {The Journal of Physical Chemistry B},
	Number = {38},
	Pages = {17936--17942},
	Publisher = {ACS Publications},
	Title = {Nanoparticle-mirror sandwich substrates for surface-enhanced Raman scattering},
	Volume = {109},
	Year = {2005}}

@article{millyard2012,
	Author = {Millyard, Matthew G and Huang, Fu Min and White, Richard and Spigone, Elisabetta and Kivioja, Jani and Baumberg, Jeremy J},
	Date-Added = {2015-05-31 14:26:54 +0000},
	Date-Modified = {2015-05-31 14:26:59 +0000},
	Journal = {Applied Physics Letters},
	Number = {7},
	Pages = {073101},
	Publisher = {AIP Publishing},
	Title = {Stretch-induced plasmonic anisotropy of self-assembled gold nanoparticle mats},
	Volume = {100},
	Year = {2012}}

@article{huang2010gold,
	Author = {Huang, Xiaohua and El-Sayed, Mostafa A},
	Date-Added = {2015-05-31 14:09:19 +0000},
	Date-Modified = {2015-05-31 14:09:19 +0000},
	Journal = {Journal of Advanced Research},
	Number = {1},
	Pages = {13--28},
	Publisher = {Elsevier},
	Title = {Gold nanoparticles: optical properties and implementations in cancer diagnosis and photothermal therapy},
	Volume = {1},
	Year = {2010}}

@article{huang2006,
	Author = {Huang, Xiaohua and El-Sayed, Ivan H and Qian, Wei and El-Sayed, Mostafa A},
	Date-Added = {2015-05-31 14:08:28 +0000},
	Date-Modified = {2015-05-31 14:08:33 +0000},
	Journal = {Journal of the American Chemical Society},
	Number = {6},
	Pages = {2115--2120},
	Publisher = {ACS Publications},
	Title = {Cancer cell imaging and photothermal therapy in the near-infrared region by using gold nanorods},
	Volume = {128},
	Year = {2006}}

@article{huang2008,
	Author = {Huang, Xiaohua and Jain, Prashant K and El-Sayed, Ivan H and El-Sayed, Mostafa A},
	Date-Added = {2015-05-31 14:08:02 +0000},
	Date-Modified = {2015-05-31 14:08:08 +0000},
	Journal = {Lasers in medical science},
	Number = {3},
	Pages = {217--228},
	Publisher = {Springer},
	Title = {Plasmonic photothermal therapy (PPTT) using gold nanoparticles},
	Volume = {23},
	Year = {2008}}

@article{muskens2007,
	Author = {Muskens, OL and Giannini, V and S{\ss}nchez-Gil, JA and Gˇmez Rivas, J},
	Date-Added = {2015-05-30 23:12:14 +0000},
	Date-Modified = {2015-05-30 23:12:20 +0000},
	Journal = {Optics express},
	Number = {26},
	Pages = {17736--17746},
	Publisher = {Optical Society of America},
	Title = {Optical scattering resonances of single and coupled dimer plasmonic nanoantennas},
	Volume = {15},
	Year = {2007}}

@article{chu2008,
	Author = {Chu, Ming-Wen and Myroshnychenko, Viktor and Chen, Cheng Hsuan and Deng, Jing-Pei and Mou, Chung-Yuan and Garc{\'\i}a de Abajo, F Javier},
	Date-Added = {2015-05-30 22:09:41 +0000},
	Date-Modified = {2015-05-30 22:09:47 +0000},
	Journal = {Nano letters},
	Number = {1},
	Pages = {399--404},
	Publisher = {ACS Publications},
	Title = {Probing bright and dark surface-plasmon modes in individual and coupled noble metal nanoparticles using an electron beam},
	Volume = {9},
	Year = {2008}}

@article{huang2010,
	Author = {Huang, Fumin and Baumberg, Jeremy J},
	Date-Added = {2015-05-30 22:08:04 +0000},
	Date-Modified = {2015-05-30 22:08:10 +0000},
	Journal = {Nano letters},
	Number = {5},
	Pages = {1787--1792},
	Publisher = {ACS Publications},
	Title = {Actively tuned plasmons on elastomerically driven Au nanoparticle dimers},
	Volume = {10},
	Year = {2010}}

@article{taylor2011,
	Author = {Taylor, Richard W and Lee, Tung-Chun and Scherman, Oren A and Esteban, Ruben and Aizpurua, Javier and Huang, Fu Min and Baumberg, Jeremy J and Mahajan, Sumeet},
	Date-Added = {2015-05-30 21:58:53 +0000},
	Date-Modified = {2015-05-30 21:58:58 +0000},
	Journal = {ACS nano},
	Number = {5},
	Pages = {3878--3887},
	Publisher = {ACS Publications},
	Title = {Precise subnanometer plasmonic junctions for SERS within gold nanoparticle assemblies using cucurbit [n] uril ``glue''},
	Volume = {5},
	Year = {2011}}

@article{perez2011,
	Author = {P{\'e}rez-Gonz{\'a}lez, O and Zabala, N and Aizpurua, J},
	Date-Added = {2015-05-06 14:25:57 +0000},
	Date-Modified = {2015-05-06 14:29:20 +0000},
	Journal = {New Journal of Physics},
	Number = {8},
	Pages = {083013},
	Publisher = {IOP Publishing},
	Title = {Optical characterization of charge transfer and bonding dimer plasmons in linked interparticle gaps},
	Volume = {13},
	Year = {2011}}

@inproceedings{zabala2011,
	Author = {Zabala, Nerea and P{\'e}rez-Gonz{\'a}lez, Olalla and Nordlander, Peter and Aizpurua, Javier},
	Booktitle = {SPIE NanoScience+ Engineering},
	Date-Added = {2015-05-06 14:25:32 +0000},
	Date-Modified = {2015-05-06 14:25:37 +0000},
	Organization = {International Society for Optics and Photonics},
	Pages = {80961L--80961L},
	Title = {Coupling of nanoparticle plasmons with molecular linkers},
	Year = {2011}}

@article{denijs2014,
	Author = {de Nijs, Bart and Bowman, Richard and Herrmann, Lars O and Benz, Felix and Barrow, Steve J and Sigle, Daniel O and Mertens, Jan and Eiden, Anna and Ferrari, Andrea and Scherman, Oren and others},
	Date-Added = {2015-05-06 08:21:15 +0000},
	Date-Modified = {2015-05-06 08:21:20 +0000},
	Journal = {Faraday Discussions},
	Publisher = {Royal Society of Chemistry},
	Title = {Unfolding the contents of sub-nm plasmonic gaps using normalising plasmon resonance spectroscopy},
	Year = {2014}}

@article{yang2010,
	Author = {Yang, Shu-Chun and Kobori, Hiromu and He, Chieh-Lun and Lin, Meng-Hsien and Chen, Hung-Ying and Li, Cuncheng and Kanehara, Masayuki and Teranishi, Toshiharu and Gwo, Shangjr},
	Date-Added = {2015-05-06 08:08:45 +0000},
	Date-Modified = {2015-05-06 08:08:52 +0000},
	Journal = {Nano letters},
	Number = {2},
	Pages = {632--637},
	Publisher = {ACS Publications},
	Title = {Plasmon hybridization in individual gold nanocrystal dimers: direct observation of bright and dark modes},
	Volume = {10},
	Year = {2010}}

@article{denisyuk2012,
	Author = {Denisyuk, Andrey I and Tinskaya, Maria A and Petrov, Mikhail I and Shelaev, Artem V and Dorozhkin, Pavel S},
	Date-Added = {2015-05-01 14:32:42 +0000},
	Date-Modified = {2015-05-01 14:32:48 +0000},
	Journal = {Journal of nanoscience and nanotechnology},
	Number = {11},
	Pages = {8651--8655},
	Publisher = {American Scientific Publishers},
	Title = {Tunable Optical Antennas Based on Metallic Nanoshells with Nanoknobs},
	Volume = {12},
	Year = {2012}}

@article{goncharenko2006,
	Author = {Goncharenko, AV and Dvoynenko, MM and Chang, Hung-Chih and Wang, Juen-Kai},
	Date-Added = {2015-05-01 14:29:55 +0000},
	Date-Modified = {2015-05-01 14:30:00 +0000},
	Journal = {Applied physics letters},
	Number = {10},
	Pages = {104101},
	Publisher = {AIP Publishing},
	Title = {Electric field enhancement by a nanometer-scaled conical metal tip in the context of scattering-type near-field optical microscopy},
	Volume = {88},
	Year = {2006}}

@article{neacsu2006,
	Author = {Neacsu, Catalin C and Dreyer, Jens and Behr, Nicolas and Raschke, Markus B},
	Date-Added = {2015-05-01 09:09:43 +0000},
	Date-Modified = {2015-05-01 09:09:50 +0000},
	Journal = {Physical Review B},
	Number = {19},
	Pages = {193406},
	Publisher = {APS},
	Title = {Scanning-probe Raman spectroscopy with single-molecule sensitivity},
	Volume = {73},
	Year = {2006}}

@article{zhang2014,
	Author = {Zhang, M and Wang, J and Tian, Q},
	Date-Added = {2015-05-01 07:56:12 +0000},
	Date-Modified = {2015-05-01 07:56:16 +0000},
	Journal = {Optics Communications},
	Pages = {164--167},
	Publisher = {Elsevier},
	Title = {Tip-enhanced Raman spectroscopy mapping with strong longitudinal field excitation},
	Volume = {315},
	Year = {2014}}

@article{klingsporn2013,
	Author = {Klingsporn, Jordan M and Sonntag, Matthew D and Seideman, Tamar and Van Duyne, Richard P},
	Date-Added = {2015-04-30 20:37:46 +0000},
	Date-Modified = {2015-04-30 20:37:53 +0000},
	Journal = {The Journal of Physical Chemistry Letters},
	Number = {1},
	Pages = {106--110},
	Publisher = {ACS Publications},
	Title = {Tip-Enhanced Raman Spectroscopy with Picosecond Pulses},
	Volume = {5},
	Year = {2013}}

@article{kalkbrenner2004,
	Author = {Kalkbrenner, Thomas and H{\aa}kanson, Ulf and Sandoghdar, Vahid},
	Date-Added = {2015-04-30 13:51:37 +0000},
	Date-Modified = {2015-04-30 13:51:44 +0000},
	Journal = {Nano Letters},
	Number = {12},
	Pages = {2309--2314},
	Publisher = {ACS Publications},
	Title = {Tomographic plasmon spectroscopy of a single gold nanoparticle},
	Volume = {4},
	Year = {2004}}

@article{roth2006,
	Author = {Roth, Ryan M and Panoiu, Nicolae C and Adams, Matthew M and Osgood, Richard M and Neacsu, Catalin C and Raschke, Markus B},
	Date-Added = {2015-04-29 16:30:55 +0000},
	Date-Modified = {2015-04-29 16:31:01 +0000},
	Journal = {Optics Express},
	Number = {7},
	Pages = {2921--2931},
	Publisher = {Optical Society of America},
	Title = {Resonant-plasmon field enhancement from asymmetrically illuminated conical metallic-probe tips},
	Volume = {14},
	Year = {2006}}

@article{lee2011,
	Author = {Lee, Jae Sung and Han, Sanghoon and Shirdel, Javid and Koo, Sukmo and Sadiq, Diyar and Lienau, Christoph and Park, Namkyoo},
	Date-Added = {2015-04-29 10:56:42 +0000},
	Date-Modified = {2015-04-29 10:56:49 +0000},
	Journal = {Optics express},
	Number = {13},
	Pages = {12342--12347},
	Publisher = {Optical Society of America},
	Title = {Superfocusing of electric or magnetic fields using conical metal tips: effect of mode symmetry on the plasmon excitation method},
	Volume = {19},
	Year = {2011}}

@article{pile2006,
	Author = {Pile, DFP and Gramotnev, Dmitri K},
	Date-Added = {2015-04-29 10:53:11 +0000},
	Date-Modified = {2015-04-29 10:53:18 +0000},
	Journal = {Applied Physics Letters},
	Number = {4},
	Pages = {041111},
	Publisher = {AIP Publishing},
	Title = {Adiabatic and nonadiabatic nanofocusing of plasmons by tapered gap plasmon waveguides},
	Volume = {89},
	Year = {2006}}

@article{stockman2004,
	Author = {Stockman, Mark I},
	Date-Added = {2015-04-29 10:52:24 +0000},
	Date-Modified = {2015-04-29 10:52:31 +0000},
	Journal = {Physical review letters},
	Number = {13},
	Pages = {137404},
	Publisher = {APS},
	Title = {Nanofocusing of optical energy in tapered plasmonic waveguides},
	Volume = {93},
	Year = {2004}}

@article{koh2009,
	Author = {Koh, Ai Leen and Bao, Kui and Khan, Imran and Smith, W Ewen and Kothleitner, Gerald and Nordlander, Peter and Maier, Stefan A and McComb, David W},
	Date-Added = {2015-04-28 13:55:35 +0000},
	Date-Modified = {2015-04-28 13:55:42 +0000},
	Journal = {Acs Nano},
	Number = {10},
	Pages = {3015--3022},
	Publisher = {ACS Publications},
	Title = {Electron energy-loss spectroscopy (EELS) of surface plasmons in single silver nanoparticles and dimers: influence of beam damage and mapping of dark modes},
	Volume = {3},
	Year = {2009}}

@article{murray2007,
	Author = {Murray, W Andrew and Barnes, William L},
	Date-Added = {2015-04-24 19:52:32 +0000},
	Date-Modified = {2015-04-24 19:52:38 +0000},
	Journal = {Advanced materials},
	Number = {22},
	Pages = {3771--3782},
	Publisher = {Wiley Online Library},
	Title = {Plasmonic materials},
	Volume = {19},
	Year = {2007}}

@article{duan2012,
	Author = {Duan, Huigao and Fern{\'a}ndez-Dom{\'\i}nguez, Antonio I and Bosman, Michel and Maier, Stefan A and Yang, Joel KW},
	Date-Added = {2015-04-24 19:49:14 +0000},
	Date-Modified = {2015-04-24 19:49:22 +0000},
	Journal = {Nano letters},
	Number = {3},
	Pages = {1683--1689},
	Publisher = {ACS Publications},
	Title = {Nanoplasmonics: classical down to the nanometer scale},
	Volume = {12},
	Year = {2012}}

@article{nelayah2007,
	Author = {Nelayah, Jaysen and Kociak, Mathieu and St{\'e}phan, Odile and de Abajo, F Javier Garc{\'\i}a and Tenc{\'e}, Marcel and Henrard, Luc and Taverna, Dario and Pastoriza-Santos, Isabel and Liz-Marz{\'a}n, Luis M and Colliex, Christian},
	Date-Added = {2015-04-23 17:34:07 +0000},
	Date-Modified = {2015-04-23 17:34:14 +0000},
	Journal = {Nature Physics},
	Number = {5},
	Pages = {348--353},
	Publisher = {Nature Publishing Group},
	Title = {Mapping surface plasmons on a single metallic nanoparticle},
	Volume = {3},
	Year = {2007}}

@article{krenn2000,
	Author = {Krenn, JR and Schider, G and Rechberger, W and Lamprecht, B and Leitner, A and Aussenegg, FR and Weeber, JC},
	Date-Added = {2015-04-23 12:56:01 +0000},
	Date-Modified = {2015-04-23 12:56:06 +0000},
	Journal = {Applied Physics Letters},
	Number = {21},
	Pages = {3379--3381},
	Publisher = {AIP Publishing},
	Title = {Design of multipolar plasmon excitations in silver nanoparticles},
	Volume = {77},
	Year = {2000}}

@article{keilmann1999,
	Author = {Keilmann, F and Knoll, B and Kramer, A},
	Date-Added = {2015-04-20 08:47:25 +0000},
	Date-Modified = {2015-04-20 08:47:31 +0000},
	Journal = {physica status solidi (b)},
	Number = {1},
	Pages = {849--854},
	Publisher = {Wiley Online Library},
	Title = {Long-Wave-Infrared Near-Field Microscopy},
	Volume = {215},
	Year = {1999}}

@article{knoll1997,
	Author = {Knoll, B and Keilmann, F and Kramer, A and Guckenberger, R},
	Date-Added = {2015-04-20 08:45:34 +0000},
	Date-Modified = {2015-04-20 08:45:40 +0000},
	Journal = {Applied physics letters},
	Number = {20},
	Pages = {2667--2669},
	Publisher = {AIP Publishing},
	Title = {Contrast of microwave near-field microscopy},
	Volume = {70},
	Year = {1997}}

@article{knoll1998,
	Author = {Knoll, B and Keilmann, F},
	Date-Added = {2015-04-20 08:44:54 +0000},
	Date-Modified = {2015-04-20 08:45:01 +0000},
	Journal = {Applied Physics A: Materials Science \& Processing},
	Number = {5},
	Pages = {477--481},
	Publisher = {Springer},
	Title = {Scanning microscopy by mid-infrared near-field scattering},
	Volume = {66},
	Year = {1998}}

@article{zenhausern1995,
	Author = {Zenhausern, FYHK and Martin, Y and Wickramasinghe, HK},
	Date-Added = {2015-04-20 08:43:06 +0000},
	Date-Modified = {2015-04-20 08:43:17 +0000},
	Journal = {Science},
	Number = {5227},
	Pages = {1083--1085},
	Publisher = {American Association for the Advancement of Science},
	Title = {Scanning interferometric apertureless microscopy: optical imaging at 10 angstrom resolution},
	Volume = {269},
	Year = {1995}}

@article{zenhausern1994,
	Author = {Zenhausern, F and O'boyle, MP and Wickramasinghe, HK},
	Date-Added = {2015-04-20 08:42:20 +0000},
	Date-Modified = {2015-04-20 08:42:26 +0000},
	Journal = {Applied Physics Letters},
	Number = {13},
	Pages = {1623--1625},
	Publisher = {AIP Publishing},
	Title = {Apertureless near-field optical microscope},
	Volume = {65},
	Year = {1994}}

@article{bachelot1995,
	Author = {Bachelot, R and Gleyzes, P and Boccara, AC},
	Date-Added = {2015-04-20 08:39:39 +0000},
	Date-Modified = {2015-04-20 08:39:45 +0000},
	Journal = {Optics letters},
	Number = {18},
	Pages = {1924--1926},
	Publisher = {Optical Society of America},
	Title = {Near-field optical microscope based on local perturbation of a diffraction spot},
	Volume = {20},
	Year = {1995}}

@article{kravtsov2014,
	Author = {Kravtsov, Vasily and Berweger, Samuel and Atkin, Joanna M and Raschke, Markus B},
	Date-Added = {2015-04-20 07:50:35 +0000},
	Date-Modified = {2015-04-20 07:50:41 +0000},
	Journal = {Nano letters},
	Number = {9},
	Pages = {5270--5275},
	Publisher = {ACS Publications},
	Title = {Control of plasmon emission and dynamics at the transition from classical to quantum coupling},
	Volume = {14},
	Year = {2014}}

@article{bharadwaj2009,
	Author = {Bharadwaj, Palash and Deutsch, Bradley and Novotny, Lukas},
	Date-Added = {2015-04-18 13:40:42 +0000},
	Date-Modified = {2015-04-18 13:40:47 +0000},
	Journal = {Advances in Optics and Photonics},
	Number = {3},
	Pages = {438--483},
	Publisher = {Optical Society of America},
	Title = {Optical antennas},
	Volume = {1},
	Year = {2009}}

@article{lassiter2008,
	Author = {Lassiter, J Britt and Aizpurua, Javier and Hernandez, Luis I and Brandl, Daniel W and Romero, Isabel and Lal, Surbhi and Hafner, Jason H and Nordlander, Peter and Halas, Naomi J},
	Date-Added = {2015-04-15 13:52:16 +0000},
	Date-Modified = {2015-04-15 13:52:22 +0000},
	Journal = {Nano letters},
	Number = {4},
	Pages = {1212--1218},
	Publisher = {ACS Publications},
	Title = {Close encounters between two nanoshells},
	Volume = {8},
	Year = {2008}}

@article{kadkhodazadeh2013,
	Author = {Kadkhodazadeh, Shima and Wagner, Jakob B and Kneipp, Harald and Kneipp, Katrin},
	Date-Added = {2015-04-15 13:29:18 +0000},
	Date-Modified = {2015-04-15 13:29:24 +0000},
	Journal = {Applied Physics Letters},
	Number = {8},
	Pages = {083103},
	Publisher = {AIP Publishing},
	Title = {Coexistence of classical and quantum plasmonics in large plasmonic structures with subnanometer gaps},
	Volume = {103},
	Year = {2013}}

@article{tserkezis2014,
	Author = {Tserkezis, Christos and Herrmann, Lars O and Valev, Ventsislav K and Baumberg, Jeremy J and Aizpurua, Javier},
	Date-Added = {2015-04-15 08:30:15 +0000},
	Date-Modified = {2015-04-15 08:30:20 +0000},
	Journal = {Optics express},
	Number = {20},
	Pages = {23851--23860},
	Publisher = {Optical Society of America},
	Title = {Optical response of threaded chain plasmons: from capacitive chains to continuous nanorods},
	Volume = {22},
	Year = {2014}}

@article{gunnarsson2005,
	Author = {Gunnarsson, Linda and Rindzevicius, Tomas and Prikulis, Juris and Kasemo, Bengt and K{\"a}ll, Mikael and Zou, Shengli and Schatz, George C},
	Date-Added = {2015-04-15 08:06:39 +0000},
	Date-Modified = {2015-04-15 08:06:45 +0000},
	Journal = {The Journal of Physical Chemistry B},
	Number = {3},
	Pages = {1079--1087},
	Publisher = {ACS Publications},
	Title = {Confined plasmons in nanofabricated single silver particle pairs: experimental observations of strong interparticle interactions},
	Volume = {109},
	Year = {2005}}

@article{ben2011,
	Author = {Ben, Xue and Park, Harold S},
	Date-Added = {2015-04-14 09:49:27 +0000},
	Date-Modified = {2015-04-14 09:49:33 +0000},
	Journal = {The Journal of Physical Chemistry C},
	Number = {32},
	Pages = {15915--15926},
	Publisher = {ACS Publications},
	Title = {Size dependence of the plasmon ruler equation for two-dimensional metal nanosphere arrays},
	Volume = {115},
	Year = {2011}}

@article{gluodenis2002,
	Author = {Gluodenis, Maryann and Foss, Colby A},
	Date-Added = {2015-04-14 09:32:51 +0000},
	Date-Modified = {2015-04-14 09:32:56 +0000},
	Journal = {The Journal of Physical Chemistry B},
	Number = {37},
	Pages = {9484--9489},
	Publisher = {ACS Publications},
	Title = {The effect of mutual orientation on the spectra of metal nanoparticle rod-rod and rod-sphere pairs},
	Volume = {106},
	Year = {2002}}

@article{rechberger2003,
	Author = {Rechberger, W and Hohenau, A and Leitner, A and Krenn, JR and Lamprecht, B and Aussenegg, FR},
	Date-Added = {2015-04-14 09:30:00 +0000},
	Date-Modified = {2015-04-14 09:30:06 +0000},
	Journal = {Optics Communications},
	Number = {1},
	Pages = {137--141},
	Publisher = {Elsevier},
	Title = {Optical properties of two interacting gold nanoparticles},
	Volume = {220},
	Year = {2003}}

@article{halas2011,
	Author = {Halas, Naomi J and Lal, Surbhi and Chang, Wei-Shun and Link, Stephan and Nordlander, Peter},
	Date-Added = {2015-04-14 09:00:13 +0000},
	Date-Modified = {2015-04-14 09:00:18 +0000},
	Journal = {Chemical reviews},
	Number = {6},
	Pages = {3913--3961},
	Publisher = {ACS Publications},
	Title = {Plasmons in strongly coupled metallic nanostructures},
	Volume = {111},
	Year = {2011}}

@book{bohren2008absorption,
	Author = {Bohren, Craig F and Huffman, Donald R},
	Date-Added = {2015-04-04 13:17:31 +0000},
	Date-Modified = {2015-04-04 13:17:31 +0000},
	Publisher = {John Wiley \& Sons},
	Title = {Absorption and scattering of light by small particles},
	Year = {2008}}

@article{bohren1983,
	Author = {Bohren, Craig F and Huffman, Donald R},
	Date-Added = {2015-04-04 13:17:12 +0000},
	Date-Modified = {2015-04-04 13:17:17 +0000},
	Journal = {Absorption and Scattering of Light by Small Particles},
	Pages = {82--129},
	Publisher = {Wiley Online Library},
	Title = {Absorption and scattering by a sphere},
	Year = {1983}}

@article{mie1908,
	Author = {Mie, Gustav},
	Date-Added = {2015-04-04 12:39:31 +0000},
	Date-Modified = {2015-04-04 12:39:35 +0000},
	Journal = {Annalen der physik},
	Number = {3},
	Pages = {377--445},
	Publisher = {Wiley Online Library},
	Title = {Beitr{\"a}ge zur Optik tr{\"u}ber Medien, speziell kolloidaler Metall{\"o}sungen},
	Volume = {330},
	Year = {1908}}

@article{knight2009,
	Author = {Knight, Mark W and Wu, Yanpeng and Lassiter, J Britt and Nordlander, Peter and Halas, Naomi J},
	Date-Added = {2015-04-04 10:35:31 +0000},
	Date-Modified = {2015-04-04 10:35:36 +0000},
	Journal = {Nano letters},
	Number = {5},
	Pages = {2188--2192},
	Publisher = {ACS Publications},
	Title = {Substrates matter: influence of an adjacent dielectric on an individual plasmonic nanoparticle},
	Volume = {9},
	Year = {2009}}

@article{jain2007,
	Author = {Jain, Prashant K and Huang, Wenyu and El-Sayed, Mostafa A},
	Date-Added = {2015-04-04 10:34:56 +0000},
	Date-Modified = {2015-04-04 10:35:02 +0000},
	Journal = {Nano Letters},
	Number = {7},
	Pages = {2080--2088},
	Publisher = {ACS Publications},
	Title = {On the universal scaling behavior of the distance decay of plasmon coupling in metal nanoparticle pairs: a plasmon ruler equation},
	Volume = {7},
	Year = {2007}}

@article{brown2010,
	Author = {Brown, Lisa V and Sobhani, Heidar and Lassiter, J Britt and Nordlander, Peter and Halas, Naomi J},
	Date-Added = {2015-04-04 10:30:57 +0000},
	Date-Modified = {2015-04-04 10:31:03 +0000},
	Journal = {Acs Nano},
	Number = {2},
	Pages = {819--832},
	Publisher = {ACS Publications},
	Title = {Heterodimers: plasmonic properties of mismatched nanoparticle pairs},
	Volume = {4},
	Year = {2010}}

@article{atay2004,
	Author = {Atay, Tolga and Song, Jung-Hoon and Nurmikko, Arto V},
	Date-Added = {2015-04-04 10:27:46 +0000},
	Date-Modified = {2015-04-04 10:27:52 +0000},
	Journal = {Nano Letters},
	Number = {9},
	Pages = {1627--1631},
	Publisher = {ACS Publications},
	Title = {Strongly interacting plasmon nanoparticle pairs: from dipole-dipole interaction to conductively coupled regime},
	Volume = {4},
	Year = {2004}}

@article{maxwell1865,
	Author = {Maxwell, J Clerk},
	Date-Added = {2015-03-29 14:35:33 +0000},
	Date-Modified = {2015-03-29 14:35:38 +0000},
	Journal = {Philosophical Transactions of the Royal Society of London},
	Pages = {459--512},
	Publisher = {JSTOR},
	Title = {A dynamical theory of the electromagnetic field},
	Year = {1865}}

@article{kretschmann1971,
	Author = {Kretschmann, Erwin},
	Date-Added = {2015-03-28 22:46:41 +0000},
	Date-Modified = {2015-03-28 22:46:46 +0000},
	Journal = {Zeitschrift f{\"u}r Physik},
	Number = {4},
	Pages = {313--324},
	Publisher = {Springer},
	Title = {Die bestimmung optischer konstanten von metallen durch anregung von oberfl{\"a}chenplasmaschwingungen},
	Volume = {241},
	Year = {1971}}

@article{otto1968,
	Author = {Otto, Andreas},
	Date-Added = {2015-03-28 22:44:38 +0000},
	Date-Modified = {2015-03-28 22:44:43 +0000},
	Journal = {Zeitschrift f{\"u}r Physik},
	Number = {4},
	Pages = {398--410},
	Publisher = {Springer},
	Title = {Excitation of nonradiative surface plasma waves in silver by the method of frustrated total reflection},
	Volume = {216},
	Year = {1968}}

@article{fano1941,
	Author = {Fano, U},
	Date-Added = {2015-03-28 22:35:52 +0000},
	Date-Modified = {2015-03-28 22:35:57 +0000},
	Journal = {JOSA},
	Number = {3},
	Pages = {213--222},
	Publisher = {Optical Society of America},
	Title = {The theory of anomalous diffraction gratings and of quasi-stationary waves on metallic surfaces (Sommerfeld's waves)},
	Volume = {31},
	Year = {1941}}

@article{wood1902,
	Author = {Wood, RW},
	Date-Added = {2015-03-28 22:31:33 +0000},
	Date-Modified = {2015-03-28 22:31:45 +0000},
	Journal = {The London, Edinburgh, and Dublin Philosophical Magazine and Journal of Science},
	Number = {21},
	Pages = {396--402},
	Publisher = {Taylor \& Francis},
	Title = {On a remarkable case of uneven distribution of light in a diffraction grating spectrum},
	Volume = {4},
	Year = {1902}}

@article{drude1900,
	Author = {Drude, Paul},
	Date-Added = {2015-03-27 15:04:50 +0000},
	Date-Modified = {2015-03-27 15:04:56 +0000},
	Journal = {Annalen der Physik},
	Number = {3},
	Pages = {566--613},
	Publisher = {Wiley Online Library},
	Title = {Zur elektronentheorie der metalle},
	Volume = {306},
	Year = {1900}}

@article{johnson1972optical,
	Author = {Johnson, Peter B and Christy, R-W\_},
	Date-Added = {2015-03-26 19:38:46 +0000},
	Date-Modified = {2015-03-26 19:38:46 +0000},
	Journal = {Physical Review B},
	Number = {12},
	Pages = {4370},
	Publisher = {APS},
	Title = {Optical constants of the noble metals},
	Volume = {6},
	Year = {1972}}

@article{elkhoury2014,
	Author = {El-Khoury, Patrick Z and Hess, Wayne P},
	Date-Added = {2015-03-26 18:58:32 +0000},
	Date-Modified = {2015-03-26 18:58:46 +0000},
	Journal = {Nano letters},
	Number = {7},
	Pages = {4114--4118},
	Publisher = {ACS Publications},
	Title = {Vibronic Raman Scattering at the Quantum Limit of Plasmons},
	Volume = {14},
	Year = {2014}}

@article{yano2007,
	Author = {Yano, Taka-aki and Ichimura, Taro and Taguchi, Atsushi and Hayazawa, Norihiko and Verma, Prabhat and Inouye, Yasushi and Kawata, Satoshi},
	Date-Added = {2015-03-26 18:57:47 +0000},
	Date-Modified = {2015-03-26 18:57:54 +0000},
	Journal = {Applied Physics Letters},
	Number = {12},
	Pages = {121101},
	Publisher = {AIP Publishing},
	Title = {Confinement of enhanced field investigated by tip-sample gap regulation in tapping-mode tip-enhanced Raman microscopy},
	Volume = {91},
	Year = {2007}}

@article{downes2006,
	Author = {Downes, Andrew and Salter, Donald and Elfick, Alistair},
	Date-Added = {2015-03-26 18:57:13 +0000},
	Date-Modified = {2015-03-26 18:57:19 +0000},
	Journal = {The Journal of Physical Chemistry B},
	Number = {13},
	Pages = {6692--6698},
	Publisher = {ACS Publications},
	Title = {Finite element simulations of tip-enhanced Raman and fluorescence spectroscopy},
	Volume = {110},
	Year = {2006}}

@article{ren2004,
	Author = {Ren, Bin and Picardi, Gennaro and Pettinger, Bruno},
	Date-Added = {2015-03-26 18:56:26 +0000},
	Date-Modified = {2015-03-26 18:56:33 +0000},
	Journal = {Review of Scientific Instruments},
	Number = {4},
	Pages = {837--841},
	Publisher = {AIP Publishing},
	Title = {Preparation of gold tips suitable for tip-enhanced Raman spectroscopy and light emission by electrochemical etching},
	Volume = {75},
	Year = {2004}}

@article{mino2014,
	Author = {Mino, Toshihiro and Saito, Yuika and Verma, Prabhat},
	Date-Added = {2015-03-26 18:55:28 +0000},
	Date-Modified = {2015-03-26 18:55:35 +0000},
	Journal = {ACS nano},
	Number = {10},
	Pages = {10187--10195},
	Publisher = {ACS Publications},
	Title = {Quantitative Analysis of Polarization-Controlled Tip-Enhanced Raman Imaging through the Evaluation of the Tip Dipole},
	Volume = {8},
	Year = {2014}}

@article{sonntag2014,
	Author = {Sonntag, Matthew D and Pozzi, Eric A and Jiang, Nan and Hersam, Mark C and Van Duyne, Richard P},
	Date-Added = {2015-03-26 18:53:16 +0000},
	Date-Modified = {2015-03-26 18:53:24 +0000},
	Journal = {The Journal of Physical Chemistry Letters},
	Number = {18},
	Pages = {3125--3130},
	Publisher = {ACS Publications},
	Title = {Recent Advances in Tip-Enhanced Raman Spectroscopy},
	Volume = {5},
	Year = {2014}}

@article{uebel2013,
	Author = {Uebel, Patrick and Bauerschmidt, Sebastian T and Schmidt, Markus A and Russell, P St J},
	Date-Added = {2015-03-26 18:52:12 +0000},
	Date-Modified = {2015-03-26 18:52:18 +0000},
	Journal = {Applied Physics Letters},
	Number = {2},
	Pages = {021101},
	Publisher = {AIP Publishing},
	Title = {A gold-nanotip optical fiber for plasmon-enhanced near-field detection},
	Volume = {103},
	Year = {2013}}

@article{picardi2007,
	Author = {Picardi, Gennaro and Nguyen, Quang and Schreiber, Joachim and Ossikovski, Razvigor},
	Date-Added = {2015-03-26 18:51:26 +0000},
	Date-Modified = {2015-03-26 18:51:34 +0000},
	Journal = {The European Physical Journal Applied Physics},
	Number = {02},
	Pages = {197--201},
	Publisher = {Cambridge Univ Press},
	Title = {Comparative study of atomic force mode and tunneling mode tip-enhanced Raman spectroscopy},
	Volume = {40},
	Year = {2007}}

@article{angulo2011,
	Author = {Angulo, Ali M and Noguez, Cecilia and Schatz, George C},
	Date-Added = {2015-03-26 18:50:03 +0000},
	Date-Modified = {2015-03-26 18:50:12 +0000},
	Journal = {The Journal of Physical Chemistry Letters},
	Number = {16},
	Pages = {1978--1983},
	Publisher = {ACS Publications},
	Title = {Electromagnetic field enhancement for wedge-shaped metal nanostructures},
	Volume = {2},
	Year = {2011}}

@article{vanschrojensteinlantman2012,
	Author = {van Schrojenstein Lantman, Evelien M and Deckert-Gaudig, Tanja and Mank, Arjan JG and Deckert, Volker and Weckhuysen, Bert M},
	Date-Added = {2015-03-26 18:46:49 +0000},
	Date-Modified = {2015-03-26 18:47:53 +0000},
	Journal = {Nature nanotechnology},
	Number = {9},
	Pages = {583--586},
	Publisher = {Nature Publishing Group},
	Title = {Catalytic processes monitored at the nanoscale with tip-enhanced Raman spectroscopy},
	Volume = {7},
	Year = {2012}}

@article{steidtner2007,
	Author = {Steidtner, Jens and Pettinger, Bruno},
	Date-Added = {2015-03-26 18:45:38 +0000},
	Date-Modified = {2015-03-26 18:45:43 +0000},
	Journal = {Review of Scientific Instruments},
	Number = {10},
	Pages = {103104},
	Publisher = {AIP Publishing},
	Title = {High-resolution microscope for tip-enhanced optical processes in ultrahigh vacuum},
	Volume = {78},
	Year = {2007}}

@article{yang2014,
	Author = {Yang, Yong and Li, Zhi-Yuan and Nogami, Masayuki and Tanemura, Masaki and Huang, Zhengren},
	Date-Added = {2015-03-26 18:44:50 +0000},
	Date-Modified = {2015-03-26 18:44:56 +0000},
	Journal = {RSC Advances},
	Number = {9},
	Pages = {4718--4722},
	Publisher = {Royal Society of Chemistry},
	Title = {The controlled fabrication of ``Tip-On-Tip'' TERS probes},
	Volume = {4},
	Year = {2014}}

@article{cherukulappurath2013,
	Author = {Cherukulappurath, Sudhir and Johnson, Timothy W and Lindquist, Nathan C and Oh, Sang-Hyun},
	Date-Added = {2015-03-26 18:42:40 +0000},
	Date-Modified = {2015-03-26 18:42:46 +0000},
	Journal = {Nano letters},
	Number = {11},
	Pages = {5635--5641},
	Publisher = {ACS Publications},
	Title = {Template-stripped asymmetric metallic pyramids for tunable plasmonic nanofocusing},
	Volume = {13},
	Year = {2013}}

@article{ichimura2009,
	Author = {Ichimura, Taro and Fujii, Shintaro and Verma, Prabhat and Yano, Takaaki and Inouye, Yasushi and Kawata, Satoshi},
	Date-Added = {2015-03-26 18:40:00 +0000},
	Date-Modified = {2015-03-26 18:40:08 +0000},
	Journal = {Physical review letters},
	Number = {18},
	Pages = {186101},
	Publisher = {APS},
	Title = {Subnanometric near-field Raman investigation in the vicinity of a metallic nanostructure},
	Volume = {102},
	Year = {2009}}

@article{barrios2009,
	Author = {Barrios, Carlos A and Malkovskiy, Andrey V and Kisliuk, Alexander M and Sokolov, Alexei P and Foster, Mark D},
	Date-Added = {2015-03-24 10:34:50 +0000},
	Date-Modified = {2015-03-24 10:34:56 +0000},
	Journal = {The Journal of Physical Chemistry C},
	Number = {19},
	Pages = {8158--8161},
	Publisher = {ACS Publications},
	Title = {Highly stable, protected plasmonic nanostructures for tip enhanced Raman spectroscopy},
	Volume = {113},
	Year = {2009}}

@article{mehtani2006,
	Author = {Mehtani, D and Lee, N and Hartschuh, RD and Kisliuk, A and Foster, MD and Sokolov, AP and {\v{C}}ajko, F and Tsukerman, I},
	Date-Added = {2015-03-23 14:18:13 +0000},
	Date-Modified = {2015-03-23 14:18:19 +0000},
	Journal = {Journal of Optics A: Pure and Applied Optics},
	Number = {4},
	Pages = {S183},
	Publisher = {IOP Publishing},
	Title = {Optical properties and enhancement factors of the tips for apertureless near-field optics},
	Volume = {8},
	Year = {2006}}

@article{bortchagovsky2013,
	Author = {Bortchagovsky, E and Schmid, T and Zenobi, R},
	Date-Added = {2015-03-23 13:41:11 +0000},
	Date-Modified = {2015-03-23 13:41:16 +0000},
	Journal = {Applied Physics Letters},
	Number = {4},
	Pages = {043111},
	Publisher = {AIP Publishing},
	Title = {Internal standard for tip-enhanced Raman spectroscopy},
	Volume = {103},
	Year = {2013}}

@article{ramos2012,
	Author = {Ramos, R and Gordon, MJ},
	Date-Added = {2015-03-23 13:34:11 +0000},
	Date-Modified = {2015-03-23 13:34:16 +0000},
	Journal = {Applied Physics Letters},
	Number = {21},
	Pages = {213111},
	Publisher = {AIP Publishing},
	Title = {Near-field artifacts in tip-enhanced Raman spectroscopy},
	Volume = {100},
	Year = {2012}}

@article{berweger2010signal,
	Author = {Berweger, Samuel and Raschke, Markus B},
	Date-Added = {2015-03-23 13:30:39 +0000},
	Date-Modified = {2015-03-23 13:30:39 +0000},
	Journal = {Analytical and bioanalytical chemistry},
	Number = {1},
	Pages = {115--123},
	Publisher = {Springer},
	Title = {Signal limitations in tip-enhanced Raman scattering: the challenge to become a routine analytical technique},
	Volume = {396},
	Year = {2010}}

@article{kumar2014,
	Author = {Kumar, Naresh and Rae, Alasdair and Roy, Debdulal},
	Date-Added = {2015-03-23 13:23:08 +0000},
	Date-Modified = {2015-03-23 13:23:13 +0000},
	Journal = {Applied Physics Letters},
	Number = {12},
	Pages = {123106},
	Publisher = {AIP Publishing},
	Title = {Accurate measurement of enhancement factor in tip-enhanced Raman spectroscopy through elimination of far-field artefacts},
	Volume = {104},
	Year = {2014}}

@article{fleischer2011,
	Author = {Fleischer, Monika and Weber-Bargioni, Alexander and Altoe, M Virginia P and Schwartzberg, Adam M and Schuck, P James and Cabrini, Stefano and Kern, Dieter P},
	Date-Added = {2015-03-23 12:01:26 +0000},
	Date-Modified = {2015-03-23 12:01:32 +0000},
	Journal = {ACS nano},
	Number = {4},
	Pages = {2570--2579},
	Publisher = {ACS Publications},
	Title = {Gold nanocone near-field scanning optical microscopy probes},
	Volume = {5},
	Year = {2011}}

@article{weber2010,
	Author = {Weber-Bargioni, A and Schwartzberg, A and Schmidt, M and Harteneck, B and Ogletree, DF and Schuck, PJ and Cabrini, S},
	Date-Added = {2015-03-23 10:00:01 +0000},
	Date-Modified = {2015-03-23 10:00:07 +0000},
	Journal = {Nanotechnology},
	Number = {6},
	Pages = {065306},
	Publisher = {IOP Publishing},
	Title = {Functional plasmonic antenna scanning probes fabricated by induced-deposition mask lithography},
	Volume = {21},
	Year = {2010}}

@article{zhang2013experimental,
	Author = {Zhang, Mingqian and Wang, Rui and Zhu, Zhendong and Wang, Jia and Tian, Qian},
	Date-Added = {2015-03-19 22:14:19 +0000},
	Date-Modified = {2015-03-19 22:14:19 +0000},
	Journal = {Journal of Optics},
	Number = {5},
	Pages = {055006},
	Publisher = {IOP Publishing},
	Title = {Experimental research on the spectral response of tips for tip-enhanced Raman spectroscopy},
	Volume = {15},
	Year = {2013}}

@article{blum2014,
	Author = {Blum, Carolin and Opilik, Lothar and Atkin, Joanna M and Braun, Kai and K{\"a}mmer, Stefan B and Kravtsov, Vasily and Kumar, Naresh and Lemeshko, Sergey and Li, Jian-Feng and Luszcz, Karol and others},
	Date-Added = {2015-03-19 20:06:06 +0000},
	Date-Modified = {2015-03-19 20:06:11 +0000},
	Journal = {Journal of Raman Spectroscopy},
	Number = {1},
	Pages = {22--31},
	Publisher = {Wiley Online Library},
	Title = {Tip-enhanced Raman spectroscopy--an interlaboratory reproducibility and comparison study},
	Volume = {45},
	Year = {2014}}

@article{raschke2003,
	Author = {Raschke, Markus B and Lienau, Christoph},
	Date-Added = {2015-03-19 20:03:59 +0000},
	Date-Modified = {2015-03-19 20:04:05 +0000},
	Journal = {Applied Physics Letters},
	Number = {24},
	Pages = {5089--5091},
	Publisher = {AIP Publishing},
	Title = {Apertureless near-field optical microscopy: Tip--sample coupling in elastic light scattering},
	Volume = {83},
	Year = {2003}}

@article{renger2004,
	Author = {Renger, Jan and Deckert, Volker and Grafstr{\"o}m, Stefan and Eng, Lukas M},
	Date-Added = {2015-03-19 18:14:33 +0000},
	Date-Modified = {2015-03-19 18:14:40 +0000},
	Journal = {JOSA A},
	Number = {7},
	Pages = {1362--1367},
	Publisher = {Optical Society of America},
	Title = {Evanescent wave scattering and local electric field enhancement at ellipsoidal silver particles in the vicinity of a glass surface},
	Volume = {21},
	Year = {2004}}

@article{novotny2006,
	Author = {Novotny, Lukas and Stranick, Stephan J},
	Date-Added = {2015-03-19 13:43:58 +0000},
	Date-Modified = {2015-03-19 13:44:05 +0000},
	Journal = {Annu. Rev. Phys. Chem.},
	Pages = {303--331},
	Publisher = {Annual Reviews},
	Title = {Near-field optical microscopy and spectroscopy with pointed probes*},
	Volume = {57},
	Year = {2006}}

@article{mauser2014,
	Author = {Mauser, Nina and Hartschuh, Achim},
	Date-Added = {2015-03-19 12:27:47 +0000},
	Date-Modified = {2015-03-19 12:27:52 +0000},
	Journal = {Chemical Society reviews},
	Number = {4},
	Pages = {1248--1262},
	Publisher = {Royal Society of Chemistry},
	Title = {Tip-enhanced near-field optical microscopy},
	Volume = {43},
	Year = {2014}}

@article{hartschuh2008,
	Author = {Hartschuh, Achim},
	Date-Added = {2015-03-19 12:22:30 +0000},
	Date-Modified = {2015-03-19 12:22:35 +0000},
	Journal = {Angewandte Chemie International Edition},
	Number = {43},
	Pages = {8178--8191},
	Publisher = {Wiley Online Library},
	Title = {Tip-Enhanced Near-Field Optical Microscopy},
	Volume = {47},
	Year = {2008}}

@article{bek2011,
	Author = {Bek, Alpan and De Angelis, Francesco and Das, Gobind and Di Fabrizio, Enzo and Lazzarino, Marco},
	Date-Added = {2015-03-19 11:27:35 +0000},
	Date-Modified = {2015-03-19 11:27:40 +0000},
	Journal = {Micron},
	Number = {4},
	Pages = {313--317},
	Publisher = {Elsevier},
	Title = {Tip enhanced Raman scattering with adiabatic plasmon focusing tips},
	Volume = {42},
	Year = {2011}}

@article{wickramasinghe2014,
	Author = {Wickramasinghe, H Kumar and Chaigneau, Marc and Yasukuni, Ryohei and Picardi, Gennaro and Ossikovski, Razvigor},
	Date-Added = {2015-03-19 11:18:24 +0000},
	Date-Modified = {2015-03-19 11:18:30 +0000},
	Journal = {ACS nano},
	Number = {4},
	Pages = {3421--3426},
	Publisher = {ACS Publications},
	Title = {Billion-Fold Increase in Tip-Enhanced Raman Signal},
	Volume = {8},
	Year = {2014}}

@article{bailo2008,
	Author = {Bailo, Elena and Deckert, Volker},
	Date-Added = {2015-03-19 11:11:35 +0000},
	Date-Modified = {2015-03-19 11:11:39 +0000},
	Journal = {Chemical Society Reviews},
	Number = {5},
	Pages = {921--930},
	Publisher = {Royal Society of Chemistry},
	Title = {Tip-enhanced Raman scattering},
	Volume = {37},
	Year = {2008}}

@article{cui2007,
	Author = {Cui, Xudong and Zhang, Weihua and Yeo, Boon-Siang and Zenobi, Renato and Hafner, Christian and Erni, Daniel},
	Date-Added = {2015-03-19 10:48:31 +0000},
	Date-Modified = {2015-03-19 10:48:37 +0000},
	Journal = {Optics express},
	Number = {13},
	Pages = {8309--8316},
	Publisher = {Optical Society of America},
	Title = {Tuning the resonance frequency of Ag-coated dielectric tips},
	Volume = {15},
	Year = {2007}}

@article{yeo2007,
	Author = {Yeo, Boon-Siang and Schmid, Thomas and Zhang, Weihua and Zenobi, Renato},
	Date-Added = {2015-03-19 10:48:09 +0000},
	Date-Modified = {2015-03-19 10:48:14 +0000},
	Journal = {Analytical and bioanalytical chemistry},
	Number = {8},
	Pages = {2655--2662},
	Publisher = {Springer},
	Title = {Towards rapid nanoscale chemical analysis using tip-enhanced Raman spectroscopy with Ag-coated dielectric tips},
	Volume = {387},
	Year = {2007}}

@article{wessel1985,
	Author = {Wessel, John},
	Date-Added = {2015-03-19 10:23:12 +0000},
	Date-Modified = {2015-03-19 10:23:17 +0000},
	Journal = {JOSA B},
	Number = {9},
	Pages = {1538--1541},
	Publisher = {Optical Society of America},
	Title = {Surface-enhanced optical microscopy},
	Volume = {2},
	Year = {1985}}

@article{maouli2015,
	Author = {Maouli, Imad and Taguchi, Atsushi and Saito, Yuika and Kawata, Satoshi and Verma, Prabhat},
	Date-Added = {2015-03-18 11:44:49 +0000},
	Date-Modified = {2015-03-18 11:44:57 +0000},
	Journal = {Applied Physics Express},
	Number = {3},
	Pages = {032401},
	Publisher = {IOP Publishing},
	Title = {Optical antennas for tunable enhancement in tip-enhansed Raman spectroscopy imaging},
	Volume = {8},
	Year = {2015}}

@article{hayazawa2007,
	Author = {Hayazawa, Norihiko and Ishitobi, Hidekazu and Taguchi, Atsushi and Tarun, Alvarado and Ikeda, Katsuyoshi and Kawata, Satoshi},
	Date-Added = {2015-03-05 16:28:00 +0000},
	Date-Modified = {2015-03-05 16:28:06 +0000},
	Journal = {Japanese Journal of Applied Physics},
	Number = {12R},
	Pages = {7995},
	Publisher = {IOP Publishing},
	Title = {Focused excitation of surface plasmon polaritons based on gap-mode in tip-enhanced spectroscopy},
	Volume = {46},
	Year = {2007}}

@article{stockman2011,
	Author = {Stockman, Mark I},
	Date-Added = {2015-03-05 16:27:28 +0000},
	Date-Modified = {2015-03-05 16:27:34 +0000},
	Journal = {Optics express},
	Number = {22},
	Pages = {22029--22106},
	Publisher = {Optical Society of America},
	Title = {Nanoplasmonics: past, present, and glimpse into future},
	Volume = {19},
	Year = {2011}}

@article{huber2014,
	Author = {Huber, Christoph and Tr{\"u}gler, Andreas and Hohenester, Ulrich and Prior, Yehiam and Kautek, Wolfgang},
	Date-Added = {2015-03-05 16:26:50 +0000},
	Date-Modified = {2015-03-05 16:26:55 +0000},
	Journal = {Physical Chemistry Chemical Physics},
	Number = {6},
	Pages = {2289--2296},
	Publisher = {Royal Society of Chemistry},
	Title = {Optical near-field excitation at commercial scanning probe microscopy tips: a theoretical and experimental investigation},
	Volume = {16},
	Year = {2014}}

@article{perez2010,
	Author = {P{\'e}rez-Gonz{\'a}lez, O and Zabala, N and Borisov, AG and Halas, NJ and Nordlander, P and Aizpurua, J},
	Date-Added = {2015-03-05 16:23:17 +0000},
	Date-Modified = {2015-03-05 16:23:23 +0000},
	Journal = {Nano letters},
	Number = {8},
	Pages = {3090--3095},
	Publisher = {ACS Publications},
	Title = {Optical spectroscopy of conductive junctions in plasmonic cavities},
	Volume = {10},
	Year = {2010}}

@article{prodan2003,
	Author = {Prodan, E and Radloff, C and Halas, Naomi J and Nordlander, P},
	Date-Added = {2015-03-05 16:22:32 +0000},
	Date-Modified = {2015-03-05 16:22:41 +0000},
	Journal = {Science},
	Number = {5644},
	Pages = {419--422},
	Publisher = {American Association for the Advancement of Science},
	Title = {A hybridization model for the plasmon response of complex nanostructures},
	Volume = {302},
	Year = {2003}}

@article{nordlander2004a,
	Author = {Nordlander, Peter and Prodan, Emil},
	Date-Added = {2015-03-05 16:22:03 +0000},
	Date-Modified = {2015-03-05 16:22:14 +0000},
	Journal = {Nano Letters},
	Number = {11},
	Pages = {2209--2213},
	Publisher = {ACS Publications},
	Title = {Plasmon hybridization in nanoparticles near metallic surfaces},
	Volume = {4},
	Year = {2004}}

@article{prodan2004,
	Author = {Prodan, E and Nordlander, PJCP},
	Date-Added = {2015-03-05 16:21:49 +0000},
	Date-Modified = {2015-03-05 16:21:55 +0000},
	Journal = {The Journal of chemical physics},
	Number = {11},
	Pages = {5444--5454},
	Publisher = {AIP Publishing},
	Title = {Plasmon hybridization in spherical nanoparticles},
	Volume = {120},
	Year = {2004}}

@article{nordlander2004,
	Author = {Nordlander, Peter and Oubre, C and Prodan, E and Li, K and Stockman, MI},
	Date-Added = {2015-03-05 16:21:33 +0000},
	Date-Modified = {2015-03-05 16:21:40 +0000},
	Journal = {Nano Letters},
	Number = {5},
	Pages = {899--903},
	Publisher = {ACS Publications},
	Title = {Plasmon hybridization in nanoparticle dimers},
	Volume = {4},
	Year = {2004}}

@article{romero2006,
	Author = {Romero, Isabel and Aizpurua, Javier and Bryant, Garnett W and Garc{\'\i}a De Abajo, F Javier},
	Date-Added = {2015-03-05 16:21:04 +0000},
	Date-Modified = {2015-03-05 16:21:08 +0000},
	Journal = {Optics Express},
	Number = {21},
	Pages = {9988--9999},
	Publisher = {Optical Society of America},
	Title = {Plasmons in nearly touching metallic nanoparticles: singular response in the limit of touching dimers},
	Volume = {14},
	Year = {2006}}

@article{zhang2013,
	Author = {Zhang, R and Zhang, Y and Dong, ZC and Jiang, S and Zhang, C and Chen, LG and Zhang, L and Liao, Y and Aizpurua, J and Luo, Yi and others},
	Date-Added = {2015-03-05 16:20:40 +0000},
	Date-Modified = {2015-03-05 16:20:45 +0000},
	Journal = {Nature},
	Number = {7452},
	Pages = {82--86},
	Publisher = {Nature Publishing Group},
	Title = {Chemical mapping of a single molecule by plasmon-enhanced Raman scattering},
	Volume = {498},
	Year = {2013}}

@article{zuloaga2009,
	Author = {Zuloaga, Jorge and Prodan, Emil and Nordlander, Peter},
	Date-Added = {2015-03-05 16:20:11 +0000},
	Date-Modified = {2015-03-05 16:20:17 +0000},
	Journal = {Nano letters},
	Number = {2},
	Pages = {887--891},
	Publisher = {ACS Publications},
	Title = {Quantum description of the plasmon resonances of a nanoparticle dimer},
	Volume = {9},
	Year = {2009}}

@article{maier2002,
	Author = {Maier, Stefan A and Kik, Pieter G and Atwater, Harry A},
	Date-Added = {2015-03-05 16:19:11 +0000},
	Date-Modified = {2015-03-05 16:19:16 +0000},
	Journal = {Applied Physics Letters},
	Number = {9},
	Pages = {1714--1716},
	Publisher = {AIP},
	Title = {Observation of coupled plasmon-polariton modes in Au nanoparticle chain waveguides of different lengths: Estimation of waveguide loss},
	Volume = {81},
	Year = {2002}}

@article{berweger2012,
	Author = {Berweger, Samuel and Atkin, Joanna M and Olmon, Robert L and Raschke, Markus B},
	Date-Added = {2015-03-05 16:18:34 +0000},
	Date-Modified = {2015-03-05 16:18:39 +0000},
	Journal = {The Journal of Physical Chemistry Letters},
	Number = {7},
	Pages = {945--952},
	Publisher = {ACS Publications},
	Title = {Light on the Tip of a Needle: Plasmonic Nanofocusing for Spectroscopy on the Nanoscale},
	Volume = {3},
	Year = {2012}}

@article{mock2002,
	Author = {Mock, JJ and Barbic, M and Smith, DR and Schultz, DA and Schultz, S},
	Date-Added = {2015-03-05 16:09:55 +0000},
	Date-Modified = {2015-03-05 16:10:00 +0000},
	Journal = {The Journal of Chemical Physics},
	Number = {15},
	Pages = {6755--6759},
	Publisher = {AIP Publishing},
	Title = {Shape effects in plasmon resonance of individual colloidal silver nanoparticles},
	Volume = {116},
	Year = {2002}}

@article{kuwata2003,
	Author = {Kuwata, Hitoshi and Tamaru, Hiroharu and Esumi, Kunio and Miyano, Kenjiro},
	Date-Added = {2015-03-05 16:09:35 +0000},
	Date-Modified = {2015-03-05 16:09:40 +0000},
	Journal = {Applied physics letters},
	Number = {22},
	Pages = {4625--4627},
	Publisher = {AIP Publishing},
	Title = {Resonant light scattering from metal nanoparticles: Practical analysis beyond Rayleigh approximation},
	Volume = {83},
	Year = {2003}}

@article{uetsuki2012,
	Author = {Uetsuki, Kazumasa and Verma, Prabhat and Nordlander, Peter and Kawata, Satoshi},
	Date-Added = {2015-03-05 16:08:48 +0000},
	Date-Modified = {2015-03-05 16:08:54 +0000},
	Journal = {Nanoscale},
	Number = {19},
	Pages = {5931--5935},
	Publisher = {The Royal Society of Chemistry},
	Title = {Tunable plasmon resonances in a metallic nanotip--film system},
	Volume = {4},
	Year = {2012}}

@article{holmberg2003,
	Author = {Holmberg, Maria and K{\"u}hle, Anders and Garn{\ae}s, J{\o}rgen and M{\o}rch, Knud A and Boisen, Anja},
	Date-Added = {2015-03-04 13:45:49 +0000},
	Date-Modified = {2015-03-04 13:45:56 +0000},
	Journal = {Langmuir},
	Number = {25},
	Pages = {10510--10513},
	Publisher = {ACS Publications},
	Title = {Nanobubble trouble on gold surfaces},
	Volume = {19},
	Year = {2003}}

@article{song2014,
	Author = {Song, Yang and Zhao, Binyu and Zhang, Lijuan and L{\"u}, Junhong and Wang, Shuo and Dong, Yaming and Hu, Jun},
	Date-Added = {2015-03-04 11:46:19 +0000},
	Date-Modified = {2015-03-04 11:46:25 +0000},
	Journal = {ChemPhysChem},
	Number = {3},
	Pages = {492--499},
	Publisher = {Wiley Online Library},
	Title = {The Origin of the ``Snap-In'' in the Force Curve between AFM Probe and the Water/Gas Interface of Nanobubbles},
	Volume = {15},
	Year = {2014}}

@article{schafer2013,
	Author = {Sch{\"a}fer, Christian and Gollmer, Dominik A and Horrer, Andreas and Fulmes, Julia and Weber-Bargioni, Alexander and Cabrini, Stefano and Schuck, P James and Kern, Dieter P and Fleischer, Monika},
	Date-Added = {2015-02-27 21:45:38 +0000},
	Date-Modified = {2015-02-27 21:45:43 +0000},
	Journal = {Nanoscale},
	Number = {17},
	Pages = {7861--7866},
	Publisher = {Royal Society of Chemistry},
	Title = {A single particle plasmon resonance study of 3D conical nanoantennas},
	Volume = {5},
	Year = {2013}}

@article{hugall2015,
	Author = {Hugall, James T and Baumberg, Jeremy J},
	Date-Added = {2015-02-27 21:34:43 +0000},
	Date-Modified = {2015-02-27 21:35:24 +0000},
	Journal = {Physical Review Letters},
	Year = {2015}}

@article{berndt1992,
	Author = {Berndt, Richard and Gimzewski, James K},
	Date-Added = {2015-02-27 21:27:23 +0000},
	Date-Modified = {2015-02-27 21:27:27 +0000},
	Journal = {Surface science},
	Pages = {556--559},
	Publisher = {Elsevier},
	Title = {The role of proximity plasmon modes on noble metal surfaces in scanning tunneling microscopy},
	Volume = {269},
	Year = {1992}}

@article{berndt1991,
	Author = {Berndt, Richard and Gimzewski, James K and Johansson, Peter},
	Date-Added = {2015-02-27 21:27:11 +0000},
	Date-Modified = {2015-02-27 21:27:16 +0000},
	Journal = {Physical review letters},
	Number = {27},
	Pages = {3796},
	Publisher = {APS},
	Title = {Inelastic tunneling excitation of tip-induced plasmon modes on noble-metal surfaces},
	Volume = {67},
	Year = {1991}}

@article{bharadwaj2011,
	Author = {Bharadwaj, Palash and Bouhelier, Alexandre and Novotny, Lukas},
	Date-Added = {2015-02-27 21:24:44 +0000},
	Date-Modified = {2015-02-27 21:24:50 +0000},
	Journal = {Physical review letters},
	Number = {22},
	Pages = {226802},
	Publisher = {APS},
	Title = {Electrical excitation of surface plasmons},
	Volume = {106},
	Year = {2011}}

@article{divitt2013,
	Author = {Divitt, Shawn and Bharadwaj, Palash and Novotny, Lukas},
	Date-Added = {2015-02-27 21:23:51 +0000},
	Date-Modified = {2015-02-27 21:23:56 +0000},
	Journal = {Optics express},
	Number = {22},
	Pages = {27452--27459},
	Publisher = {Optical Society of America},
	Title = {The role of gap plasmons in light emission from tunnel junctions},
	Volume = {21},
	Year = {2013}}

@article{ye2014,
	Author = {Ye, Fan and Merlo, Juan M and Burns, Michael J and Naughton, Michael J},
	Date-Added = {2015-02-27 21:22:56 +0000},
	Date-Modified = {2015-02-27 21:23:00 +0000},
	Journal = {Nanophotonics},
	Number = {1-2},
	Pages = {33--49},
	Title = {Optical and electrical mappings of surface plasmon cavity modes},
	Volume = {3},
	Year = {2014}}

@article{lambe1976,
	Author = {Lambe, John and McCarthy, SL},
	Date-Added = {2015-02-27 21:20:38 +0000},
	Date-Modified = {2015-02-27 21:20:43 +0000},
	Journal = {Physical Review Letters},
	Number = {14},
	Pages = {923},
	Publisher = {APS},
	Title = {Light emission from inelastic electron tunneling},
	Volume = {37},
	Year = {1976}}

@article{tian2006,
	Author = {Tian, Yang and Liu, Haiqing and Zhao, Guohua and Tatsuma, Tetsu},
	Date-Added = {2015-02-27 21:19:10 +0000},
	Date-Modified = {2015-02-27 21:19:14 +0000},
	Journal = {The Journal of Physical Chemistry B},
	Number = {46},
	Pages = {23478--23481},
	Publisher = {ACS Publications},
	Title = {Shape-controlled electrodeposition of gold nanostructures},
	Volume = {110},
	Year = {2006}}

@article{yang2011,
	Author = {Yang, Yu-Cheng and Huang, Ting-Kai and Chen, Yu-Liang and Mevellec, Jean-Yves and Lefrant, Serge and Lee, Chi-Young and Chiu, Hsin-Tien},
	Date-Added = {2015-02-27 21:18:18 +0000},
	Date-Modified = {2015-02-27 21:18:25 +0000},
	Journal = {The Journal of Physical Chemistry C},
	Number = {5},
	Pages = {1932--1939},
	Publisher = {ACS Publications},
	Title = {Electrochemical growth of gold nanostructures for surface-enhanced Raman scattering},
	Volume = {115},
	Year = {2011}}

@article{cheng2013,
	Author = {Cheng, Hui-Wen and Chang, Yuan-Chih and Tang, Song-Nien and Yuan, Chi-Tsu and Tang, Jau and Tseng, Fan-Gang},
	Date-Added = {2015-02-27 21:17:35 +0000},
	Date-Modified = {2015-02-27 21:17:40 +0000},
	Journal = {Nanoscale research letters},
	Number = {1},
	Pages = {1--10},
	Publisher = {Springer},
	Title = {Characterization of single 1.8-nm Au nanoparticle attachments on AFM tips for single sub-4-nm object pickup},
	Volume = {8},
	Year = {2013}}

@article{vakarelski2006,
	Author = {Vakarelski, Ivan U and Higashitani, Ko},
	Date-Added = {2015-02-27 21:16:06 +0000},
	Date-Modified = {2015-02-27 21:16:11 +0000},
	Journal = {Langmuir},
	Number = {7},
	Pages = {2931--2934},
	Publisher = {ACS Publications},
	Title = {Single-nanoparticle-terminated tips for scanning probe microscopy},
	Volume = {22},
	Year = {2006}}

@article{park2012,
	Author = {Park, Chan-Gyu and Kim, Ju-Young and Lee, Eunbyoul and Choi, Han-Kyu and Park, Won-Hwa and Kim, Jinwook and Kim, Zee Hwan},
	Date-Added = {2015-02-27 21:15:14 +0000},
	Date-Modified = {2015-02-27 21:15:20 +0000},
	Journal = {B. Korean Chem. Soc},
	Pages = {1748--1752},
	Title = {Tip-Enhanced Raman Scattering with a Nanoparticle-Functionalized Probe},
	Volume = {33},
	Year = {2012}}

@article{hayazawa2012,
	Author = {Hayazawa, Norihiko and Yano, Taka-aki and Kawata, Satoshi},
	Date-Added = {2015-02-27 21:13:13 +0000},
	Date-Modified = {2015-02-27 21:13:18 +0000},
	Journal = {Journal of Raman Spectroscopy},
	Number = {9},
	Pages = {1177--1182},
	Publisher = {Wiley Online Library},
	Title = {Highly reproducible tip-enhanced Raman scattering using an oxidized and metallized silicon cantilever tip as a tool for everyone},
	Volume = {43},
	Year = {2012}}

@article{okamoto2001,
	Author = {Okamoto, T and Yamaguchi, I},
	Date-Added = {2015-02-27 21:11:57 +0000},
	Date-Modified = {2015-02-27 21:12:02 +0000},
	Journal = {Journal of microscopy},
	Number = {1},
	Pages = {100--103},
	Publisher = {Wiley Online Library},
	Title = {Photocatalytic deposition of a gold nanoparticle onto the top of a SiN cantilever tip},
	Volume = {202},
	Year = {2001}}

@article{kawata2003,
	Author = {Kawata, Yoshimasa and Urahama, Seiji and Murakami, Manambu and Iwata, Futoshi},
	Date-Added = {2015-02-27 21:10:47 +0000},
	Date-Modified = {2015-02-27 21:10:51 +0000},
	Journal = {Applied physics letters},
	Number = {10},
	Pages = {1598--1600},
	Publisher = {AIP Publishing},
	Title = {The use of capillary force for fabricating probe tips for scattering-type near-field scanning optical microscopes},
	Volume = {82},
	Year = {2003}}

@article{sqalli2002,
	Author = {Sqalli, O and Utke, I and Hoffmann, P and Marquis-Weible, F},
	Date-Added = {2015-02-27 21:04:34 +0000},
	Date-Modified = {2015-02-27 21:04:40 +0000},
	Journal = {Journal of applied physics},
	Number = {2},
	Pages = {1078--1083},
	Publisher = {AIP Publishing},
	Title = {Gold elliptical nanoantennas as probes for near field optical microscopy},
	Volume = {92},
	Year = {2002}}

@article{barsegova2002,
	Author = {Barsegova, Inna and Lewis, Aaron and Khatchatouriants, Artium and Manevitch, Alexandra and Ignatov, Andrei and Axelrod, Noel and Sukenik, Chaim},
	Date-Added = {2015-02-27 21:03:54 +0000},
	Date-Modified = {2015-02-27 21:04:00 +0000},
	Journal = {Applied Physics Letters},
	Number = {18},
	Pages = {3461--3463},
	Publisher = {AIP Publishing},
	Title = {Controlled fabrication of silver or gold nanoparticle near-field optical atomic force probes: Enhancement of second-harmonic generation},
	Volume = {81},
	Year = {2002}}

@article{kalkbrenner2001,
	Author = {Kalkbrenner, Th and Ramstein, M and Mlynek, J and Sandoghdar, V},
	Date-Added = {2015-02-27 21:03:04 +0000},
	Date-Modified = {2015-02-27 21:03:09 +0000},
	Journal = {Journal of Microscopy},
	Number = {1},
	Pages = {72--76},
	Publisher = {Wiley Online Library},
	Title = {A single gold particle as a probe for apertureless scanning near-field optical microscopy},
	Volume = {202},
	Year = {2001}}

@article{kharintsev2013,
	Author = {Kharintsev, SS and Hoffmann, GG and Fishman, AI and Salakhov, M Kh},
	Date-Added = {2015-02-27 21:02:24 +0000},
	Date-Modified = {2015-02-27 21:02:29 +0000},
	Journal = {Journal of Physics D: Applied Physics},
	Number = {14},
	Pages = {145501},
	Publisher = {IOP Publishing},
	Title = {Plasmonic optical antenna design for performing tip-enhanced Raman spectroscopy and microscopy},
	Volume = {46},
	Year = {2013}}

@article{gan2007,
	Author = {Gan, Yang},
	Date-Added = {2015-02-27 21:01:20 +0000},
	Date-Modified = {2015-02-27 21:01:25 +0000},
	Journal = {Review of scientific instruments},
	Number = {8},
	Pages = {081101},
	Publisher = {AIP Publishing},
	Title = {Invited review article: a review of techniques for attaching micro-and nanoparticles to a probe's tip for surface force and near-field optical measurements},
	Volume = {78},
	Year = {2007}}

@article{marinica2012,
	Author = {Marinica, DC and Kazansky, AK and Nordlander, Peter and Aizpurua, Javier and Borisov, Andrei G},
	Date-Added = {2015-02-27 18:56:30 +0000},
	Date-Modified = {2015-02-27 18:56:35 +0000},
	Journal = {Nano letters},
	Number = {3},
	Pages = {1333--1339},
	Publisher = {ACS Publications},
	Title = {Quantum plasmonics: nonlinear effects in the field enhancement of a plasmonic nanoparticle dimer},
	Volume = {12},
	Year = {2012}}

@article{hajisalem2014,
	Author = {Hajisalem, Ghazal and Nezami, Mohammedreza S and Gordon, Reuven},
	Date-Added = {2015-02-27 18:55:12 +0000},
	Date-Modified = {2015-02-27 18:55:18 +0000},
	Journal = {Nano letters},
	Number = {11},
	Pages = {6651--6654},
	Publisher = {ACS Publications},
	Title = {Probing the quantum tunneling limit of plasmonic enhancement by third harmonic generation},
	Volume = {14},
	Year = {2014}}

@article{zhu2014,
	Author = {Zhu, Wenqi and Crozier, Kenneth B},
	Date-Added = {2015-02-27 18:54:43 +0000},
	Date-Modified = {2015-02-27 18:54:48 +0000},
	Journal = {Nature communications},
	Publisher = {Nature Publishing Group},
	Title = {Quantum mechanical limit to plasmonic enhancement as observed by surface-enhanced Raman scattering},
	Volume = {5},
	Year = {2014}}

@article{scholl2013,
	Author = {Scholl, Jonathan A and Garc{\'\i}a-Etxarri, Aitzol and Koh, Ai Leen and Dionne, Jennifer A},
	Date-Added = {2015-02-27 18:52:26 +0000},
	Date-Modified = {2015-02-27 18:52:31 +0000},
	Journal = {Nano letters},
	Number = {2},
	Pages = {564--569},
	Publisher = {ACS Publications},
	Title = {Observation of quantum tunneling between two plasmonic nanoparticles},
	Volume = {13},
	Year = {2013}}

@article{cha2014,
	Author = {Cha, Hoon and Yoon, Jun Hee and Yoon, Sangwoon},
	Date-Added = {2015-02-27 18:51:38 +0000},
	Date-Modified = {2015-02-27 18:51:43 +0000},
	Journal = {ACS nano},
	Number = {8},
	Pages = {8554--8563},
	Publisher = {ACS Publications},
	Title = {Probing quantum plasmon coupling using gold nanoparticle dimers with tunable interparticle distances down to the subnanometer range},
	Volume = {8},
	Year = {2014}}

@article{tan2014,
	Author = {Tan, Shu Fen and Wu, Lin and Yang, Joel KW and Bai, Ping and Bosman, Michel and Nijhuis, Christian A},
	Date-Added = {2015-02-27 18:50:54 +0000},
	Date-Modified = {2015-02-27 18:50:59 +0000},
	Journal = {Science},
	Number = {6178},
	Pages = {1496--1499},
	Publisher = {American Association for the Advancement of Science},
	Title = {Quantum plasmon resonances controlled by molecular tunnel junctions},
	Volume = {343},
	Year = {2014}}

@article{herrmann2014,
	Author = {Herrmann, Lars O and Valev, Ventsislav K and Tserkezis, Christos and Barnard, Jonathan S and Kasera, Setu and Scherman, Oren A and Aizpurua, Javier and Baumberg, Jeremy J},
	Date-Added = {2015-02-27 18:50:11 +0000},
	Date-Modified = {2015-02-27 18:50:16 +0000},
	Journal = {Nature communications},
	Publisher = {Nature Publishing Group},
	Title = {Threading plasmonic nanoparticle strings with light},
	Volume = {5},
	Year = {2014}}

@article{esteban2012,
	Author = {Esteban, Ruben and Borisov, Andrei G and Nordlander, Peter and Aizpurua, Javier},
	Date-Added = {2015-02-27 18:49:11 +0000},
	Date-Modified = {2015-02-27 18:49:17 +0000},
	Journal = {Nature Communications},
	Pages = {825},
	Publisher = {Nature Publishing Group},
	Title = {Bridging quantum and classical plasmonics with a quantum-corrected model},
	Volume = {3},
	Year = {2012}}

@article{lindquist2013,
	Author = {Lindquist, Nathan C and Jose, Jincy and Cherukulappurath, Sudhir and Chen, Xiaoshu and Johnson, Timothy W and Oh, Sang-Hyun},
	Date-Added = {2015-02-27 18:48:09 +0000},
	Date-Modified = {2015-02-27 18:48:14 +0000},
	Journal = {Laser \& Photonics Reviews},
	Number = {4},
	Pages = {453--477},
	Publisher = {Wiley Online Library},
	Title = {Tip-based plasmonics: squeezing light with metallic nanoprobes},
	Volume = {7},
	Year = {2013}}

@article{hugall2012,
	Author = {Hugall, James T and Baumberg, Jeremy J and Mahajan, Sumeet},
	Date-Added = {2015-02-27 18:46:51 +0000},
	Date-Modified = {2015-02-27 18:46:57 +0000},
	Journal = {The Journal of Physical Chemistry C},
	Number = {10},
	Pages = {6184--6190},
	Publisher = {ACS Publications},
	Title = {Disentangling the Peak and Background Signals in Surface-Enhanced Raman Scattering},
	Volume = {116},
	Year = {2012}}

@article{deabajo2002,
	Author = {de Abajo, FJ Garc{\'\i}a and Howie, A},
	Date-Added = {2015-02-27 18:45:38 +0000},
	Date-Modified = {2015-02-27 18:45:48 +0000},
	Journal = {Physical Review B},
	Number = {11},
	Pages = {115418},
	Publisher = {APS},
	Title = {Retarded field calculation of electron energy loss in inhomogeneous dielectrics},
	Volume = {65},
	Year = {2002}}

@article{deabajo1997,
	Author = {De Abajo, FJ Garc{\'I}a and Aizpurua, J},
	Date-Added = {2015-02-27 18:44:40 +0000},
	Date-Modified = {2015-02-27 18:44:59 +0000},
	Journal = {Physical Review B},
	Number = {24},
	Pages = {15873},
	Publisher = {APS},
	Title = {Numerical simulation of electron energy loss near inhomogeneous dielectrics},
	Volume = {56},
	Year = {1997}}

@article{mahajan2009,
	Author = {Mahajan, Sumeet and Cole, Robin M and Speed, Jonathon D and Pelfrey, Suzanne H and Russell, Andrea E and Bartlett, Philip N and Barnett, Stephen M and Baumberg, Jeremy J},
	Date-Added = {2015-02-27 18:43:26 +0000},
	Date-Modified = {2015-02-27 18:43:36 +0000},
	Journal = {The Journal of Physical Chemistry C},
	Number = {16},
	Pages = {7242--7250},
	Publisher = {ACS Publications},
	Title = {Understanding the surface-enhanced raman spectroscopy ``background''†},
	Volume = {114},
	Year = {2009}}

@article{taylor2014,
	Author = {Taylor, Richard W and Benz, Felix and Sigle, Daniel O and Bowman, Richard W and Bao, Peng and Roth, Johannes S and Heath, George R and Evans, Stephen D and Baumberg, Jeremy J},
	Date-Added = {2015-02-27 18:29:10 +0000},
	Date-Modified = {2015-02-27 18:29:16 +0000},
	Journal = {Scientific reports},
	Publisher = {Nature Publishing Group},
	Title = {Watching individual molecules flex within lipid membranes using SERS},
	Volume = {4},
	Year = {2014}}

@article{mertens2013,
	Author = {Mertens, Jan and Eiden, Anna L and Sigle, Daniel O and Huang, Fumin and Lombardo, Antonio and Sun, Zhipei and Sundaram, Ravi S and Colli, Alan and Tserkezis, Christos and Aizpurua, Javier and others},
	Date-Added = {2015-02-27 18:28:35 +0000},
	Date-Modified = {2015-02-27 18:28:43 +0000},
	Journal = {Nano letters},
	Number = {11},
	Pages = {5033--5038},
	Publisher = {ACS Publications},
	Title = {Controlling subnanometer gaps in plasmonic dimers using graphene},
	Volume = {13},
	Year = {2013}}

@article{zou2009,
	Author = {Zou, Yanshu and Steinvurzel, Paul and Yang, Tian and Crozier, Kenneth B},
	Date-Added = {2015-02-27 18:27:13 +0000},
	Date-Modified = {2015-02-27 18:27:18 +0000},
	Journal = {Applied Physics Letters},
	Number = {17},
	Pages = {171107},
	Publisher = {AIP Publishing},
	Title = {Surface plasmon resonances of optical antenna atomic force microscope tips},
	Volume = {94},
	Year = {2009}}

@article{dudin2010,
	Author = {Dudin, Petr V and Unwin, Patrick R and Macpherson, Julie V},
	Date-Added = {2015-02-27 18:21:24 +0000},
	Date-Modified = {2015-02-27 18:21:30 +0000},
	Journal = {The Journal of Physical Chemistry C},
	Number = {31},
	Pages = {13241--13248},
	Publisher = {ACS Publications},
	Title = {Electrochemical nucleation and growth of gold nanoparticles on single-walled carbon nanotubes: New mechanistic insights},
	Volume = {114},
	Year = {2010}}

@article{hyde2003,
	Author = {Hyde, Michael E and Compton, Richard G},
	Date-Added = {2015-02-27 18:12:46 +0000},
	Date-Modified = {2015-02-27 18:12:52 +0000},
	Journal = {Journal of Electroanalytical Chemistry},
	Pages = {1--12},
	Publisher = {Elsevier},
	Title = {A review of the analysis of multiple nucleation with diffusion controlled growth},
	Volume = {549},
	Year = {2003}}

@article{scharifker1983,
	Author = {Scharifker, Benjamin and Hills, Graham},
	Date-Added = {2015-02-27 18:11:13 +0000},
	Date-Modified = {2015-02-27 18:11:22 +0000},
	Journal = {Electrochimica Acta},
	Number = {7},
	Pages = {879--889},
	Publisher = {Elsevier},
	Title = {Theoretical and experimental studies of multiple nucleation},
	Volume = {28},
	Year = {1983}}

@article{fuchs2009,
	Author = {Fuchs, P},
	Date-Added = {2015-02-27 18:00:57 +0000},
	Date-Modified = {2015-02-27 18:01:04 +0000},
	Journal = {Applied Surface Science},
	Number = {5},
	Pages = {1382--1390},
	Publisher = {Elsevier},
	Title = {Low-pressure plasma cleaning of Au and PtIr noble metal surfaces},
	Volume = {256},
	Year = {2009}}

@article{li2003,
	Author = {Li, Zhiyong and Beck, Patricia and Ohlberg, Douglas AA and Stewart, Duncan R and Williams, R Stanley},
	Date-Added = {2015-02-27 17:59:40 +0000},
	Date-Modified = {2015-02-27 17:59:47 +0000},
	Journal = {Surface science},
	Number = {3},
	Pages = {410--418},
	Publisher = {Elsevier},
	Title = {Surface properties of platinum thin films as a function of plasma treatment conditions},
	Volume = {529},
	Year = {2003}}

@article{herrmann2013,
	Author = {Herrmann, LO and Valev, VK and Aizpurua, Javier and Baumberg, Jeremy J},
	Date-Added = {2015-02-27 17:54:46 +0000},
	Date-Modified = {2015-02-27 17:54:52 +0000},
	Journal = {Optics express},
	Number = {26},
	Pages = {32377--32385},
	Publisher = {Optical Society of America},
	Title = {Self-sifting of chain plasmons: the complex optics of Au nanoparticle clusters},
	Volume = {21},
	Year = {2013}}

@article{savage2011,
	Author = {Savage, Kevin J and Hawkeye, Matthew M and Soares, Bruno F and Baumberg, Jeremy J},
	Date-Added = {2015-02-27 17:50:26 +0000},
	Date-Modified = {2015-02-27 17:50:33 +0000},
	Journal = {Applied Physics Letters},
	Number = {5},
	Pages = {053110},
	Publisher = {AIP Publishing},
	Title = {From microns to kissing contact: Dynamic positioning of two nano-systems},
	Volume = {99},
	Year = {2011}}

@article{binnig1982,
	Author = {Binnig, Gerd and Rohrer, Heinrich and Gerber, Ch and Weibel, E},
	Date-Added = {2015-02-27 16:09:22 +0000},
	Date-Modified = {2015-02-27 16:09:28 +0000},
	Journal = {Physical review letters},
	Number = {1},
	Pages = {57},
	Publisher = {APS},
	Title = {Surface studies by scanning tunneling microscopy},
	Volume = {49},
	Year = {1982}}

@article{binnig1986,
	Author = {Binnig, Gerd and Quate, Calvin F and Gerber, Ch},
	Date-Added = {2015-02-27 16:09:00 +0000},
	Date-Modified = {2015-02-27 16:09:05 +0000},
	Journal = {Physical review letters},
	Number = {9},
	Pages = {930},
	Publisher = {APS},
	Title = {Atomic force microscope},
	Volume = {56},
	Year = {1986}}

@article{jeanmaire1977,
	Author = {Jeanmaire, David L and Van Duyne, Richard P},
	Date-Added = {2015-02-27 16:08:20 +0000},
	Date-Modified = {2015-02-27 16:08:27 +0000},
	Journal = {Journal of Electroanalytical Chemistry and Interfacial Electrochemistry},
	Number = {1},
	Pages = {1--20},
	Publisher = {Elsevier},
	Title = {Surface Raman spectroelectrochemistry: Part I. Heterocyclic, aromatic, and aliphatic amines adsorbed on the anodized silver electrode},
	Volume = {84},
	Year = {1977}}

@article{fleischmann1974,
	Author = {Fleischmann, Martin and Hendra, Patrick J and McQuillan, AJ},
	Date-Added = {2015-02-27 16:07:53 +0000},
	Date-Modified = {2015-02-27 16:07:58 +0000},
	Journal = {Chemical Physics Letters},
	Number = {2},
	Pages = {163--166},
	Publisher = {Elsevier},
	Title = {Raman spectra of pyridine adsorbed at a silver electrode},
	Volume = {26},
	Year = {1974}}

@article{raman1928,
	Author = {Raman, Chandrasekhara Venkata},
	Date-Added = {2015-02-27 16:07:23 +0000},
	Date-Modified = {2015-02-27 16:07:28 +0000},
	Journal = {Indian Journal of physics},
	Pages = {387--398},
	Publisher = {Indian Association for the Cultivation of Science},
	Title = {A new radiation},
	Volume = {2},
	Year = {1928}}

@article{pettinger2000,
	Author = {Pettinger, Bruno and Picardi, Gennaro and Schuster, Rolf and Ertl, Gerhard},
	Date-Added = {2015-02-27 16:01:16 +0000},
	Date-Modified = {2015-02-27 16:03:27 +0000},
	Journal = {Electrochemistry},
	Number = {12},
	Pages = {942--949},
	Title = {Surface Enhanced Raman Spectroscopy: Towards Single Molecular Spectroscopy},
	Volume = {68},
	Year = {2000}}

@article{yeo2006,
	Author = {Yeo, Boon-Siang and Zhang, Weihua and Vannier, Christophe and Zenobi, Renato},
	Date-Added = {2015-02-27 15:49:29 +0000},
	Date-Modified = {2015-02-27 15:49:35 +0000},
	Journal = {Applied spectroscopy},
	Number = {10},
	Pages = {1142--1147},
	Publisher = {Society for Applied Spectroscopy},
	Title = {Enhancement of Raman signals with silver-coated tips},
	Volume = {60},
	Year = {2006}}

@article{umakoshi2012,
	Author = {Umakoshi, Takayuki and Yano, Taka-aki and Saito, Yuika and Verma, Prabhat},
	Date-Added = {2015-02-27 15:34:47 +0000},
	Date-Modified = {2015-02-27 15:34:51 +0000},
	Journal = {Applied Physics Express},
	Number = {5},
	Pages = {052001},
	Publisher = {IOP Publishing},
	Title = {Fabrication of near-field plasmonic tip by photoreduction for strong enhancement in tip-enhanced Raman spectroscopy},
	Volume = {5},
	Year = {2012}}

@article{novotny2011,
	Author = {Novotny, Lukas and Van Hulst, Niek},
	Date-Added = {2015-02-27 15:34:07 +0000},
	Date-Modified = {2015-02-27 15:34:13 +0000},
	Journal = {Nature Photonics},
	Number = {2},
	Pages = {83--90},
	Publisher = {Nature Publishing Group},
	Title = {Antennas for light},
	Volume = {5},
	Year = {2011}}

@article{yeo2009,
	Author = {Yeo, Boon-Siang and Stadler, Johannes and Schmid, Thomas and Zenobi, Renato and Zhang, Weihua},
	Date-Added = {2015-02-27 15:33:00 +0000},
	Date-Modified = {2015-02-27 15:33:04 +0000},
	Journal = {Chemical Physics Letters},
	Number = {1},
	Pages = {1--13},
	Publisher = {Elsevier},
	Title = {Tip-enhanced Raman Spectroscopy--Its status, challenges and future directions},
	Volume = {472},
	Year = {2009}}

@article{schmid2013,
	Author = {Schmid, Thomas and Opilik, Lothar and Blum, Carolin and Zenobi, Renato},
	Date-Added = {2015-02-27 15:32:20 +0000},
	Date-Modified = {2015-02-27 15:32:28 +0000},
	Journal = {Angewandte Chemie International Edition},
	Number = {23},
	Pages = {5940--5954},
	Publisher = {Wiley Online Library},
	Title = {Nanoscale Chemical Imaging Using Tip-Enhanced Raman Spectroscopy: A Critical Review},
	Volume = {52},
	Year = {2013}}

@article{esteban2006,
	Author = {Esteban, R and Vogelgesang, R and Kern, K},
	Date-Added = {2015-02-27 15:31:41 +0000},
	Date-Modified = {2015-02-27 15:31:46 +0000},
	Journal = {Nanotechnology},
	Number = {2},
	Pages = {475},
	Publisher = {IOP Publishing},
	Title = {Simulation of optical near and far fields of dielectric apertureless scanning probes},
	Volume = {17},
	Year = {2006}}

@article{esteban2014,
	Author = {Esteban, Ruben and Aguirregabiria, Garikoitz and Borisov, Andrey G and Wang, Yumin M and Nordlander, Peter and Bryant, Garnett W and Aizpurua, Javier},
	Date-Added = {2015-02-27 15:31:12 +0000},
	Date-Modified = {2015-02-27 15:31:17 +0000},
	Journal = {ACS Photonics},
	Publisher = {ACS Publications},
	Title = {The morphology of narrow gaps modifies the plasmonic response},
	Year = {2014}}

@article{esteban2007,
	Author = {Esteban, R and Vogelgesang, R and Kern, K},
	Date-Added = {2015-02-27 15:30:05 +0000},
	Date-Modified = {2015-02-27 15:30:10 +0000},
	Journal = {Physical Review B},
	Number = {19},
	Pages = {195410},
	Publisher = {APS},
	Title = {Tip-substrate interaction in optical near-field microscopy},
	Volume = {75},
	Year = {2007}}

@article{savage2012,
	Author = {Savage, Kevin J and Hawkeye, Matthew M and Esteban, Rub{\'e}n and Borisov, Andrei G and Aizpurua, Javier and Baumberg, Jeremy J},
	Date-Added = {2015-02-27 15:29:50 +0000},
	Date-Modified = {2015-02-27 15:29:56 +0000},
	Journal = {Nature},
	Number = {7425},
	Pages = {574--577},
	Publisher = {Nature Publishing Group},
	Title = {Revealing the quantum regime in tunnelling plasmonics},
	Volume = {491},
	Year = {2012}}

@article{wiener2012,
	Author = {Wiener, Aeneas and Fern{\'a}ndez-Dom{\'\i}nguez, Antonio I and Horsfield, Andrew P and Pendry, John B and Maier, Stefan A},
	Date-Added = {2015-02-27 15:28:50 +0000},
	Date-Modified = {2015-02-27 15:28:57 +0000},
	Journal = {Nano letters},
	Number = {6},
	Pages = {3308--3314},
	Publisher = {ACS Publications},
	Title = {Nonlocal effects in the nanofocusing performance of plasmonic tips},
	Volume = {12},
	Year = {2012}}

@article{behr2008,
	Author = {Behr, Nicolas and Raschke, Markus B},
	Date-Added = {2015-02-27 15:27:20 +0000},
	Date-Modified = {2015-02-27 15:27:25 +0000},
	Journal = {The Journal of Physical Chemistry C},
	Number = {10},
	Pages = {3766--3773},
	Publisher = {ACS Publications},
	Title = {Optical antenna properties of scanning probe tips: plasmonic light scattering, tip-sample coupling, and near-field enhancement},
	Volume = {112},
	Year = {2008}}

@article{zhang2009,
	Author = {Zhang, Weihua and Cui, Xudong and Martin, Olivier JF},
	Date-Added = {2015-02-27 15:26:16 +0000},
	Date-Modified = {2015-02-27 15:26:21 +0000},
	Journal = {Journal of Raman Spectroscopy},
	Number = {10},
	Pages = {1338--1342},
	Publisher = {Wiley Online Library},
	Title = {Local field enhancement of an infinite conical metal tip illuminated by a focused beam},
	Volume = {40},
	Year = {2009}}

@article{huth2013,
	Author = {Huth, Florian and Chuvilin, Andrey and Schnell, Martin and Amenabar, Iban and Krutokhvostov, Roman and Lopatin, Sergei and Hillenbrand, Rainer},
	Date-Added = {2015-02-27 15:25:03 +0000},
	Date-Modified = {2015-02-27 15:25:09 +0000},
	Journal = {Nano letters},
	Number = {3},
	Pages = {1065--1072},
	Publisher = {ACS Publications},
	Title = {Resonant antenna probes for tip-enhanced infrared near-field microscopy},
	Volume = {13},
	Year = {2013}}

@article{berweger2010,
	Author = {Berweger, Samuel and Atkin, Joanna M and Olmon, Robert L and Raschke, Markus B},
	Date-Added = {2015-02-27 15:23:52 +0000},
	Date-Modified = {2015-02-27 15:23:59 +0000},
	Journal = {The Journal of Physical Chemistry Letters},
	Number = {24},
	Pages = {3427--3432},
	Publisher = {ACS Publications},
	Title = {Adiabatic tip-plasmon focusing for nano-Raman spectroscopy},
	Volume = {1},
	Year = {2010}}

@article{neacsu2010,
	Author = {Neacsu, Catalin C and Berweger, Samuel and Olmon, Robert L and Saraf, Laxmikant V and Ropers, Claus and Raschke, Markus B},
	Date-Added = {2015-02-27 15:22:49 +0000},
	Date-Modified = {2015-02-27 15:23:03 +0000},
	Journal = {Nano letters},
	Number = {2},
	Pages = {592--596},
	Publisher = {ACS Publications},
	Title = {Near-field localization in plasmonic superfocusing: a nanoemitter on a tip},
	Volume = {10},
	Year = {2010}}

@article{sanders2014,
	Author = {Sanders, Alan and Zhang, Liwu and Bowman, Richard W and Herrmann, Lars O and Baumberg, Jeremy J},
	Date-Added = {2015-02-27 15:16:45 +0000},
	Date-Modified = {2015-02-27 15:21:25 +0000},
	Journal = {Particle \& Particle Systems Characterization},
	Number = {2},
	Pages = {182--187},
	Publisher = {Wiley Online Library},
	Title = {Facile Fabrication of Spherical Nanoparticle-Tipped AFM Probes for Plasmonic Applications},
	Volume = {32},
	Year = {2015}}

@article{taguchi2009,
	Author = {Taguchi, Atsushi and Hayazawa, Norihiko and Saito, Yuika and Ishitobi, Hidekazu and Tarun, Alvarado and Kawata, Satoshi},
	Date-Added = {2015-02-27 15:16:00 +0000},
	Date-Modified = {2015-02-27 15:16:06 +0000},
	Journal = {Optics express},
	Number = {8},
	Pages = {6509--6518},
	Publisher = {Optical Society of America},
	Title = {Controlling the plasmon resonance wavelength in metal-coated probe using refractive index modification},
	Volume = {17},
	Year = {2009}}

@article{wang2011,
	Author = {Wang, T and Boer-Duchemin, E and Zhang, Y and Comtet, G and Dujardin, G},
	Date-Added = {2015-02-27 15:14:09 +0000},
	Date-Modified = {2015-02-27 15:14:15 +0000},
	Journal = {Nanotechnology},
	Number = {17},
	Pages = {175201},
	Publisher = {IOP Publishing},
	Title = {Excitation of propagating surface plasmons with a scanning tunnelling microscope},
	Volume = {22},
	Year = {2011}}

@article{pettinger2012,
	Author = {Pettinger, Bruno and Schambach, Philip and Villag{\'o}mez, Carlos J and Scott, Nicola},
	Date-Added = {2015-02-27 15:11:15 +0000},
	Date-Modified = {2015-02-27 15:11:20 +0000},
	Journal = {Annual review of physical chemistry},
	Pages = {379--399},
	Publisher = {Annual Reviews},
	Title = {Tip-enhanced Raman spectroscopy: near-fields acting on a few molecules},
	Volume = {63},
	Year = {2012}}

@article{neacsu2005,
	Author = {Neacsu, CC and Steudle, GA and Raschke, MB},
	Date-Added = {2015-02-27 15:10:34 +0000},
	Date-Modified = {2015-02-27 15:10:40 +0000},
	Journal = {Applied Physics B},
	Number = {3},
	Pages = {295--300},
	Publisher = {Springer},
	Title = {Plasmonic light scattering from nanoscopic metal tips},
	Volume = {80},
	Year = {2005}}

@article{pettinger2009,
	Author = {Pettinger, Bruno and Domke, Katrin F and Zhang, Dai and Picardi, Gennaro and Schuster, Rolf},
	Date-Added = {2015-02-27 15:08:37 +0000},
	Date-Modified = {2015-02-27 15:08:43 +0000},
	Journal = {Surface Science},
	Number = {10},
	Pages = {1335--1341},
	Publisher = {Elsevier},
	Title = {Tip-enhanced Raman scattering: influence of the tip-surface geometry on optical resonance and enhancement},
	Volume = {603},
	Year = {2009}}

@article{pettinger2007,
	Author = {Pettinger, Bruno and Domke, Katrin F and Zhang, Dai and Schuster, Rolf and Ertl, Gerhard},
	Date-Added = {2015-02-27 15:06:47 +0000},
	Date-Modified = {2015-02-27 15:07:03 +0000},
	Journal = {Physical Review B},
	Number = {11},
	Pages = {113409},
	Publisher = {APS},
	Title = {Direct monitoring of plasmon resonances in a tip-surface gap of varying width},
	Volume = {76},
	Year = {2007}}

@article{hayazawa2001,
	Author = {Hayazawa, Norihiko and Inouye, Yasushi and Sekkat, Zouheir and Kawata, Satoshi},
	Date-Added = {2015-02-27 15:06:14 +0000},
	Date-Modified = {2015-02-27 15:06:59 +0000},
	Journal = {Chemical Physics Letters},
	Number = {5},
	Pages = {369--374},
	Publisher = {Elsevier},
	Title = {Near-field Raman scattering enhanced by a metallized tip},
	Volume = {335},
	Year = {2001}}

@article{hayazawa2000,
	Author = {Hayazawa, Norihiko and Inouye, Yasushi and Sekkat, Zouheir and Kawata, Satoshi},
	Date-Added = {2015-02-27 15:06:05 +0000},
	Date-Modified = {2015-02-27 15:06:54 +0000},
	Journal = {Optics Communications},
	Number = {1},
	Pages = {333--336},
	Publisher = {Elsevier},
	Title = {Metallized tip amplification of near-field Raman scattering},
	Volume = {183},
	Year = {2000}}

@article{anderson2000,
	Author = {Anderson, Mark S},
	Date-Added = {2015-02-27 15:04:23 +0000},
	Date-Modified = {2015-02-27 15:04:51 +0000},
	Journal = {Applied Physics Letters},
	Number = {21},
	Pages = {3130--3132},
	Publisher = {AIP Publishing},
	Title = {Locally enhanced Raman spectroscopy with an atomic force microscope},
	Volume = {76},
	Year = {2000}}

@article{stockle2000,
	Author = {St{\"o}ckle, Raoul M and Suh, Yung Doug and Deckert, Volker and Zenobi, Renato},
	Date-Added = {2015-02-27 15:02:55 +0000},
	Date-Modified = {2015-02-27 15:04:47 +0000},
	Journal = {Chemical Physics Letters},
	Number = {1},
	Pages = {131--136},
	Publisher = {Elsevier},
	Title = {Nanoscale chemical analysis by tip-enhanced Raman spectroscopy},
	Volume = {318},
	Year = {2000}}
