%% This BibTeX bibliography file was created using BibDesk.
%% http://bibdesk.sourceforge.net/


%% Created for Alan Sanders at 2015-06-06 11:39:01 +0100 


%% Saved with string encoding Unicode (UTF-8) 



@book{paunovic2006fundamentals,
	Author = {Paunovic, Milan and Schlesinger, Mordechay},
	Date-Added = {2015-06-06 10:37:17 +0000},
	Date-Modified = {2015-06-06 10:39:01 +0000},
	Edition = {2},
	Publisher = {John Wiley \& Sons},
	Title = {Fundamentals of electrochemical deposition},
	Volume = {45},
	Year = {2006}}

@article{roy2009electrochemical,
	Author = {Roy, S},
	Date-Added = {2015-06-02 08:57:46 +0000},
	Date-Modified = {2015-06-02 08:57:46 +0000},
	Journal = {ECS Transactions},
	Number = {36},
	Pages = {67--72},
	Publisher = {The Electrochemical Society},
	Title = {Electrochemical gold deposition from non-toxic electrolytes},
	Volume = {16},
	Year = {2009}}

@article{oniciu1991some,
	Author = {Oniciu, L and Mure{\c{s}}an, L},
	Date-Added = {2015-06-02 08:50:49 +0000},
	Date-Modified = {2015-06-02 08:50:49 +0000},
	Journal = {Journal of Applied Electrochemistry},
	Number = {7},
	Pages = {565--574},
	Publisher = {Springer},
	Title = {Some fundamental aspects of levelling and brightening in metal electrodeposition},
	Volume = {21},
	Year = {1991}}

@article{green2007gold,
	Author = {Green, Todd A},
	Date-Added = {2015-04-08 08:14:40 +0000},
	Date-Modified = {2015-04-08 08:14:40 +0000},
	Journal = {Gold Bulletin},
	Number = {2},
	Pages = {105--114},
	Publisher = {Springer},
	Title = {Gold electrodeposition for microelectronic, optoelectronic and microsystem applications},
	Volume = {40},
	Year = {2007}}
