%% This BibTeX bibliography file was created using BibDesk.
%% http://bibdesk.sourceforge.net/


%% Created for Alan Sanders at 2015-06-14 15:07:50 +0100 


%% Saved with string encoding Unicode (UTF-8) 



@article{grusche2014basic,
	Author = {Grusche, Sascha},
	Date-Added = {2015-06-14 11:39:43 +0000},
	Date-Modified = {2015-06-14 11:39:43 +0000},
	Journal = {Applied optics},
	Number = {20},
	Pages = {4594--4603},
	Publisher = {Optical Society of America},
	Title = {Basic slit spectroscope reveals three-dimensional scenes through diagonal slices of hyperspectral cubes},
	Volume = {53},
	Year = {2014}}

@article{leavesley2012hyperspectral,
	Author = {Leavesley, Silas J and Annamdevula, Naga and Boni, John and Stocker, Samantha and Grant, Kristin and Troyanovsky, Boris and Rich, Thomas C and Alvarez, Diego F},
	Date-Added = {2015-04-22 09:11:52 +0000},
	Date-Modified = {2015-04-22 09:11:52 +0000},
	Journal = {Journal of biophotonics},
	Number = {1},
	Pages = {67--84},
	Publisher = {Wiley Online Library},
	Title = {Hyperspectral imaging microscopy for identification and quantitative analysis of fluorescently-labeled cells in highly autofluorescent tissue},
	Volume = {5},
	Year = {2012}}

@article{shaw2003spectral,
	Author = {Shaw, Gary A and Burke, Hsiao-hua K},
	Date-Added = {2015-04-22 09:04:09 +0000},
	Date-Modified = {2015-04-22 09:04:09 +0000},
	Journal = {Lincoln Laboratory Journal},
	Number = {1},
	Pages = {3--28},
	Title = {Spectral imaging for remote sensing},
	Volume = {14},
	Year = {2003}}

@inproceedings{hackwell1996lwir,
	Author = {Hackwell, John A and Warren, David W and Bongiovi, Robert P and Hansel, Steven J and Hayhurst, Thomas L and Mabry, Dan J and Sivjee, Mazaher G and Skinner, James W},
	Booktitle = {SPIE's 1996 International Symposium on Optical Science, Engineering, and Instrumentation},
	Date-Added = {2015-04-22 09:01:43 +0000},
	Date-Modified = {2015-04-22 09:01:43 +0000},
	Organization = {International Society for Optics and Photonics},
	Pages = {102--107},
	Title = {LWIR/MWIR imaging hyperspectral sensor for airborne and ground-based remote sensing},
	Year = {1996}}

@inproceedings{gat2000imaging,
	Author = {Gat, Nahum},
	Booktitle = {AeroSense 2000},
	Date-Added = {2015-04-22 09:00:50 +0000},
	Date-Modified = {2015-04-22 09:00:50 +0000},
	Organization = {International Society for Optics and Photonics},
	Pages = {50--64},
	Title = {Imaging spectroscopy using tunable filters: a review},
	Year = {2000}}

@article{slawson1999hyperspectral,
	Author = {Slawson, Robert W and Ninkov, Zoran and Horch, Elliott P},
	Date-Added = {2015-04-22 08:57:29 +0000},
	Date-Modified = {2015-04-22 08:57:29 +0000},
	Journal = {Publications of the Astronomical Society of the Pacific},
	Number = {759},
	Pages = {621--626},
	Publisher = {JSTOR},
	Title = {Hyperspectral Imaging: Wide-Area Spectrophotometry Using a Liquid-Crystal Tunable Filter},
	Volume = {111},
	Year = {1999}}

@article{gowen2007hyperspectral,
	Author = {Gowen, AA and O'Donnell, CPo and Cullen, PJ and Downey, G and Frias, JM},
	Date-Added = {2015-04-22 08:40:45 +0000},
	Date-Modified = {2015-04-22 08:40:45 +0000},
	Journal = {Trends in Food Science \& Technology},
	Number = {12},
	Pages = {590--598},
	Publisher = {Elsevier},
	Title = {Hyperspectral imaging--an emerging process analytical tool for food quality and safety control},
	Volume = {18},
	Year = {2007}}

@article{kim2001hyperspectral,
	Author = {Kim, MS and Chen, YR and Mehl, PM and others},
	Date-Added = {2015-04-22 08:38:31 +0000},
	Date-Modified = {2015-04-22 08:38:31 +0000},
	Journal = {Transactions-American Society of Agricultural Engineers},
	Number = {3},
	Pages = {721--730},
	Publisher = {ASAE AMERICAN SOCIETY OF AGRICULTURAL},
	Title = {Hyperspectral reflectance and fluorescence imaging system for food quality and safety},
	Volume = {44},
	Year = {2001}}

@article{martin2006development,
	Author = {Martin, Matthew E and Wabuyele, Musundi B and Chen, Kui and Kasili, Paul and Panjehpour, Masoud and Phan, Mary and Overholt, Bergein and Cunningham, Glenn and Wilson, Dale and DeNovo, Robert C and others},
	Date-Added = {2015-04-22 08:37:29 +0000},
	Date-Modified = {2015-04-22 08:37:29 +0000},
	Journal = {Annals of biomedical engineering},
	Number = {6},
	Pages = {1061--1068},
	Publisher = {Springer},
	Title = {Development of an advanced hyperspectral imaging (HSI) system with applications for cancer detection},
	Volume = {34},
	Year = {2006}}

@article{schultz2001hyperspectral,
	Author = {Schultz, Roger A and Nielsen, Thomas and Zavaleta, Jeff R and Ruch, Raynal and Wyatt, Robert and Garner, Harold R},
	Date-Added = {2015-04-22 08:09:52 +0000},
	Date-Modified = {2015-04-22 08:09:52 +0000},
	Journal = {Cytometry},
	Number = {4},
	Pages = {239--247},
	Publisher = {Wiley Online Library},
	Title = {Hyperspectral imaging: a novel approach for microscopic analysis},
	Volume = {43},
	Year = {2001}}

@inproceedings{daly2000tunable,
	Author = {Daly, James T and Bodkin, W Andrew and Schneller, William J and Kerr, Robert B and Noto, John and Haren, Raymond and Eismann, Michael T and Karch, Barry K},
	Booktitle = {Symposium on Integrated Optoelectronics},
	Date-Added = {2015-04-22 08:03:36 +0000},
	Date-Modified = {2015-04-22 08:03:36 +0000},
	Organization = {International Society for Optics and Photonics},
	Pages = {104--115},
	Title = {Tunable narrow-band filter for LWIR hyperspectral imaging},
	Year = {2000}}

@article{iga2012development,
	Author = {Iga, Mitsuhiro and Kakuryu, Nobuyuki and Tanaami, Takeo and Sajiki, Jiro and Isozaki, Katsumi and Itoh, Tamitake},
	Date-Added = {2015-04-22 07:55:44 +0000},
	Date-Modified = {2015-04-22 07:55:44 +0000},
	Journal = {Review of Scientific Instruments},
	Number = {10},
	Pages = {103707},
	Publisher = {AIP Publishing},
	Title = {Development of thin-film tunable band-pass filters based hyper-spectral imaging system applied for both surface enhanced Raman scattering and plasmon resonance Rayleigh scattering},
	Volume = {83},
	Year = {2012}}

@article{bashevoy2007hyperspectral,
	Author = {Bashevoy, MV and Jonsson, F and MacDonald, KF and Chen, Y and Zheludev, NI},
	Date-Added = {2015-03-04 17:58:53 +0000},
	Date-Modified = {2015-03-04 17:58:53 +0000},
	Journal = {Optics express},
	Number = {18},
	Pages = {11313--11320},
	Publisher = {Optical Society of America},
	Title = {Hyperspectral imaging of plasmonic nanostructures with nanoscale resolution},
	Volume = {15},
	Year = {2007}}

@inproceedings{hege2004hyperspectral,
	Author = {Hege, E Keith and O'Connell, Dan and Johnson, William and Basty, Shridhar and Dereniak, Eustace L},
	Booktitle = {Optical Science and Technology, SPIE's 48th Annual Meeting},
	Date-Added = {2015-03-04 17:56:44 +0000},
	Date-Modified = {2015-03-04 17:56:44 +0000},
	Organization = {International Society for Optics and Photonics},
	Pages = {380--391},
	Title = {Hyperspectral imaging for astronomy and space surviellance},
	Year = {2004}}

@article{vo2004hyperspectral,
	Author = {Vo-Dinh, Tuan},
	Date-Added = {2015-03-04 17:56:30 +0000},
	Date-Modified = {2015-03-04 17:56:30 +0000},
	Journal = {Engineering in Medicine and Biology Magazine, IEEE},
	Number = {5},
	Pages = {40--49},
	Publisher = {IEEE},
	Title = {A hyperspectral imaging system for in vivo optical diagnostics},
	Volume = {23},
	Year = {2004}}

@article{descour1995computed,
	Author = {Descour, Michael and Dereniak, Eustace},
	Date-Added = {2015-03-04 17:53:04 +0000},
	Date-Modified = {2015-03-04 17:53:04 +0000},
	Journal = {Applied Optics},
	Number = {22},
	Pages = {4817--4826},
	Publisher = {Optical Society of America},
	Title = {Computed-tomography imaging spectrometer: experimental calibration and reconstruction results},
	Volume = {34},
	Year = {1995}}

@inproceedings{bulygin1992spectrotomography,
	Author = {Bulygin, Theodor V and Vishnyakov, Gennady N},
	Booktitle = {Analytical Methods for Optical Tomography},
	Date-Added = {2015-03-04 17:52:21 +0000},
	Date-Modified = {2015-03-04 17:52:21 +0000},
	Organization = {International Society for Optics and Photonics},
	Pages = {315--322},
	Title = {Spectrotomography: a new method of obtaining spectrograms of two-dimensional objects},
	Year = {1992}}

@article{okamoto1993simultaneous,
	Author = {Okamoto, Takayuki and Takahashi, Akinori and Yamaguchi, Ichirou},
	Date-Added = {2015-03-04 17:51:57 +0000},
	Date-Modified = {2015-03-04 17:51:57 +0000},
	Journal = {Applied Spectroscopy},
	Number = {8},
	Pages = {1198--1202},
	Publisher = {Society for Applied Spectroscopy},
	Title = {Simultaneous acquisition of spectral and spatial intensity distribution},
	Volume = {47},
	Year = {1993}}

@article{okamoto1991simultaneous,
	Author = {Okamoto, Takayuki and Yamaguchi, Ichirou},
	Date-Added = {2015-03-04 17:51:38 +0000},
	Date-Modified = {2015-03-04 17:51:38 +0000},
	Journal = {Optics letters},
	Number = {16},
	Pages = {1277--1279},
	Publisher = {Optical Society of America},
	Title = {Simultaneous acquisition of spectral image information},
	Volume = {16},
	Year = {1991}}

@article{johnson2007snapshot,
	Author = {Johnson, William R and Wilson, Daniel W and Fink, Wolfgang and Humayun, Mark and Bearman, Greg},
	Date-Added = {2015-03-04 17:21:52 +0000},
	Date-Modified = {2015-03-04 17:21:52 +0000},
	Journal = {Journal of biomedical optics},
	Number = {1},
	Pages = {014036--014036},
	Publisher = {International Society for Optics and Photonics},
	Title = {Snapshot hyperspectral imaging in ophthalmology},
	Volume = {12},
	Year = {2007}}

@article{lu2014medical,
	Author = {Lu, Guolan and Fei, Baowei},
	Date-Added = {2015-03-04 16:18:57 +0000},
	Date-Modified = {2015-03-04 16:18:57 +0000},
	Journal = {Journal of biomedical optics},
	Number = {1},
	Pages = {010901--010901},
	Publisher = {International Society for Optics and Photonics},
	Title = {Medical hyperspectral imaging: a review},
	Volume = {19},
	Year = {2014}}
