%% This BibTeX bibliography file was created using BibDesk.
%% http://bibdesk.sourceforge.net/


%% Created for Alan Sanders at 2015-04-28 11:27:29 +0100 


%% Saved with string encoding Unicode (UTF-8) 



@article{harootunian1986super,
	Author = {Harootunian, A and Betzig, E and Isaacson, M and Lewis, A},
	Date-Added = {2015-04-28 08:07:26 +0000},
	Date-Modified = {2015-04-28 08:07:26 +0000},
	Journal = {Applied Physics Letters},
	Number = {11},
	Pages = {674--676},
	Publisher = {AIP Publishing},
	Title = {Super-resolution fluorescence near-field scanning optical microscopy},
	Volume = {49},
	Year = {1986}}

@inproceedings{betzig1988near,
	Author = {Betzig, E and Isaacson, M and Barshatzky, H and Lewis, A and Lin, K},
	Booktitle = {1988 Los Angeles Symposium--OE/LASE'88},
	Date-Added = {2015-04-28 08:06:27 +0000},
	Date-Modified = {2015-04-28 08:06:27 +0000},
	Organization = {International Society for Optics and Photonics},
	Pages = {91--99},
	Title = {Near-field scanning optical microscopy (NSOM)},
	Year = {1988}}

@article{lewis1984development,
	Author = {Lewis, AMAA and Isaacson, M and Harootunian, A and Muray, A},
	Date-Added = {2015-04-28 08:06:06 +0000},
	Date-Modified = {2015-04-28 08:06:06 +0000},
	Journal = {Ultramicroscopy},
	Number = {3},
	Pages = {227--231},
	Publisher = {Elsevier},
	Title = {Development of a 500 {\AA} spatial resolution light microscope: I. light is efficiently transmitted through {$\lambda/16$} diameter apertures},
	Volume = {13},
	Year = {1984}}

@article{pohl1984optical,
	Author = {Pohl, Dieter W and Denk, W and Lanz, M},
	Date-Added = {2015-04-28 08:05:46 +0000},
	Date-Modified = {2015-04-28 08:05:46 +0000},
	Journal = {Applied physics letters},
	Number = {7},
	Pages = {651--653},
	Publisher = {AIP Publishing},
	Title = {Optical stethoscopy: Image recording with resolution {$\lambda/20$}},
	Volume = {44},
	Year = {1984}}

@misc{pohl1986optical,
	Author = {Pohl, Wolfgang D},
	Date-Added = {2015-04-28 08:05:28 +0000},
	Date-Modified = {2015-04-28 08:05:28 +0000},
	Month = aug # {~5},
	Note = {US Patent 4,604,520},
	Publisher = {Google Patents},
	Title = {Optical near-field scanning microscope},
	Year = {1986}}

@article{ash1972super,
	Author = {Ash, EA and Nicholls, G},
	Date-Added = {2015-04-28 08:04:47 +0000},
	Date-Modified = {2015-04-28 08:04:47 +0000},
	Journal = {Nature},
	Pages = {510---512},
	Publisher = {Nature Publishing Group},
	Title = {Super-resolution aperture scanning microscope},
	Volume = {237},
	Year = {1972}}

@misc{minsky1961microscopy,
	Author = {Minsky, Marvin},
	Date-Added = {2015-03-04 18:09:09 +0000},
	Date-Modified = {2015-03-04 18:09:09 +0000},
	Month = dec # {~19},
	Note = {US Patent 3,013,467},
	Publisher = {Google Patents},
	Title = {Microscopy apparatus},
	Year = {1961}}
