%% This BibTeX bibliography file was created using BibDesk.
%% http://bibdesk.sourceforge.net/


%% Created for Alan Sanders at 2015-09-30 09:41:44 +0100 


%% Saved with string encoding Unicode (UTF-8) 



@conference{sanders2015,
	Address = {Benasque, SP},
	Author = {Sanders, Alan and Bowman, Richard W and Sigle, Daniel O and Zhang, Liwu and Herrmann, Lars O and Baumberg, Jeremy J},
	Booktitle = {{Quantum Plasmonics 15, Benasque}},
	Date-Added = {2015-02-28 17:35:45 +0000},
	Date-Modified = {2015-09-30 08:41:31 +0000},
	Month = {03},
	Title = {Towards Robust Correlated Measurements of Dynamic Plasmonic Gaps in the Sub-nm Regime},
	Year = {2015}}

@conference{sanders2014a,
	Address = {London, UK},
	Author = {Sanders, Alan and Zhang, Liwu and Bowman, Richard W and Herrmann, Lars O and Baumberg, Jeremy J},
	Booktitle = {{Photon14, London}},
	Date-Added = {2015-02-28 17:34:44 +0000},
	Date-Modified = {2015-09-30 08:41:15 +0000},
	Month = {09},
	Title = {Au Nanoparticle-Tipped AFM Probes for Plasmonic Applications},
	Year = {2014}}

@conference{sanders2013b,
	Address = {Cambridge, UK},
	Author = {Sanders, Alan and Zhang, Liwu and Bowman, Richard W and Herrmann, Lars O and Baumberg, Jeremy J},
	Booktitle = {{Cavendish Graduate Student Conference, Cambridge}},
	Date-Added = {2015-02-28 17:33:24 +0000},
	Date-Modified = {2015-09-30 08:41:05 +0000},
	Month = {12},
	Title = {Electrochemical Fabrication of AuNP-Tipped AFM Probes for Plasmonic Applications},
	Year = {2013}}

@conference{sanders2013a,
	Address = {Ottawa, CA},
	Author = {Sanders, Alan and Savage, Kevin J and Hawkeye, Matthew M and Baumberg, Jeremy J},
	Booktitle = {{SPP6, Ottawa}},
	Date-Added = {2015-02-28 17:31:53 +0000},
	Date-Modified = {2015-09-30 08:40:56 +0000},
	Month = {05},
	Title = {Revealing the quantum regime in tunnelling plasmonics},
	Year = {2013}}

@conference{sanders2012,
	Address = {Cambridge, UK},
	Author = {Sanders, Alan and Savage, Kevin J and Hawkeye, Matthew M and Baumberg, Jeremy J},
	Booktitle = {{Cavendish Graduate Student Conference, Cambridge}},
	Date-Added = {2015-02-28 17:01:43 +0000},
	Date-Modified = {2015-09-30 08:40:50 +0000},
	Month = {12},
	Title = {Revealing the quantum regime in tunnelling plasmonics},
	Year = {2012}}
