%% This BibTeX bibliography file was created using BibDesk.
%% http://bibdesk.sourceforge.net/


%% Created for Alan Sanders at 2015-07-09 15:53:35 +0100 


%% Saved with string encoding Unicode (UTF-8) 



@article{benz2014p,
	Author = {Benz, Felix and Tserkezis, Christos and Herrmann, Lars O and de Nijs, Bart and Sanders, Alan and Sigle, Daniel O and Pukenas, Laurynas and Evans, Stephen D and Aizpurua, Javier and Baumberg, Jeremy J},
	Date-Added = {2015-07-09 14:50:50 +0000},
	Date-Modified = {2015-07-09 14:53:29 +0000},
	Journal = {Nano letters},
	Number = {1},
	Pages = {669--674},
	Publisher = {ACS Publications},
	Title = {Nanooptics of molecular-shunted plasmonic nanojunctions},
	Volume = {15},
	Year = {2014}}

@article{sanders2014p,
	Author = {Sanders, Alan and Zhang, Liwu and Bowman, Richard W and Herrmann, Lars O and Baumberg, Jeremy J},
	Date-Added = {2015-02-28 16:59:49 +0000},
	Date-Modified = {2015-07-09 14:53:34 +0000},
	Journal = {Particle \& Particle Systems Characterization},
	Number = {2},
	Pages = {182--187},
	Publisher = {Wiley Online Library},
	Title = {Facile Fabrication of Spherical Nanoparticle-Tipped AFM Probes for Plasmonic Applications},
	Volume = {32},
	Year = {2015}}
