%% This BibTeX bibliography file was created using BibDesk.
%% http://bibdesk.sourceforge.net/


%% Created for Alan Sanders at 2015-07-11 21:36:49 +0100 


%% Saved with string encoding Unicode (UTF-8) 



@article{sorensen1998mechanical,
	Author = {S{\o}rensen, Mads R and Brandbyge, Mads and Jacobsen, Karsten W},
	Date-Added = {2015-07-11 20:34:38 +0000},
	Date-Modified = {2015-07-11 20:34:38 +0000},
	Journal = {Physical Review B},
	Number = {6},
	Pages = {3283},
	Publisher = {APS},
	Title = {Mechanical deformation of atomic-scale metallic contacts: structure and mechanisms},
	Volume = {57},
	Year = {1998}}

@article{rodrigues2002quantum,
	Author = {Rodrigues, V and Bettini, J and Rocha, AR and Rego, Luis GC and Ugarte, D},
	Date-Added = {2015-07-11 20:33:48 +0000},
	Date-Modified = {2015-07-11 20:33:48 +0000},
	Journal = {Physical Review B},
	Number = {15},
	Pages = {153402},
	Publisher = {APS},
	Title = {Quantum conductance in silver nanowires: Correlation between atomic structure and transport properties},
	Volume = {65},
	Year = {2002}}

@article{costa1997conductance,
	Author = {Costa-Kr{\"a}mer, JL and Garc{\'\i}a, N and Garc{\'\i}a-Mochales, P and Serena, PA and Marqu{\'e}s, MI and Correia, A},
	Date-Added = {2015-07-11 17:12:57 +0000},
	Date-Modified = {2015-07-11 17:12:57 +0000},
	Journal = {Physical Review B},
	Number = {8},
	Pages = {5416},
	Publisher = {APS},
	Title = {Conductance quantization in nanowires formed between micro and macroscopic metallic electrodes},
	Volume = {55},
	Year = {1997}}

@article{armstrong2010channel,
	Author = {Armstrong, Jason N and Schaub, RM and Hua, Susan Z and Chopra, Harsh Deep},
	Date-Added = {2015-07-11 17:08:31 +0000},
	Date-Modified = {2015-07-11 17:08:31 +0000},
	Journal = {Physical Review B},
	Number = {19},
	Pages = {195416},
	Publisher = {APS},
	Title = {Channel saturation and conductance quantization in single-atom gold constrictions},
	Volume = {82},
	Year = {2010}}

@article{costa1997conductance2,
	Author = {Costa-Kr{\"a}mer, JL and Garcia, N and Olin, H{\aa}kan},
	Date-Added = {2015-07-11 17:06:10 +0000},
	Date-Modified = {2015-07-11 17:06:23 +0000},
	Journal = {Physical Review B},
	Number = {19},
	Pages = {12910},
	Publisher = {APS},
	Title = {Conductance quantization histograms of gold nanowires at 4 K},
	Volume = {55},
	Year = {1997}}

@article{rodrigues2000signature,
	Author = {Rodrigues, Varlei and Fuhrer, Tobias and Ugarte, Daniel},
	Date-Added = {2015-07-11 17:03:54 +0000},
	Date-Modified = {2015-07-11 17:03:54 +0000},
	Journal = {Physical review letters},
	Number = {19},
	Pages = {4124},
	Publisher = {APS},
	Title = {Signature of atomic structure in the quantum conductance of gold nanowires},
	Volume = {85},
	Year = {2000}}

@article{sabater2012mechanical,
	Author = {Sabater, C and Untiedt, C and Palacios, JJ and Caturla, MJ},
	Date-Added = {2015-07-11 17:01:36 +0000},
	Date-Modified = {2015-07-11 17:01:36 +0000},
	Journal = {arXiv preprint arXiv:1205.4612},
	Title = {Mechanical annealing of metallic electrodes at the atomic scale},
	Year = {2012}}

@article{yanson2005atomic,
	Author = {Yanson, IK and Shklyarevskii, OI and Csonka, Sz and Van Kempen, H and Speller, S and Yanson, AI and Van Ruitenbeek, JM},
	Date-Added = {2015-07-11 16:48:34 +0000},
	Date-Modified = {2015-07-11 16:48:34 +0000},
	Journal = {Physical review letters},
	Number = {25},
	Pages = {256806},
	Publisher = {APS},
	Title = {Atomic-size oscillations in conductance histograms for gold nanowires and the influence of work hardening},
	Volume = {95},
	Year = {2005}}

@article{natelson2012mechanical,
	Author = {Natelson, Douglas},
	Date-Added = {2015-07-11 16:17:14 +0000},
	Date-Modified = {2015-07-11 16:17:14 +0000},
	Journal = {ACS nano},
	Number = {4},
	Pages = {2871--2876},
	Publisher = {ACS Publications},
	Title = {Mechanical break junctions: Enormous information in a nanoscale package},
	Volume = {6},
	Year = {2012}}

@article{landman1996reversible,
	Author = {Landman, Uzi and Luedtke, WD and Salisbury, Brian E and Whetten, Robert L},
	Date-Added = {2015-07-11 16:15:59 +0000},
	Date-Modified = {2015-07-11 16:15:59 +0000},
	Journal = {Physical review letters},
	Number = {7},
	Pages = {1362},
	Publisher = {APS},
	Title = {Reversible manipulations of room temperature mechanical and quantum transport properties in nanowire junctions},
	Volume = {77},
	Year = {1996}}

@article{costa1997conductance3,
	Author = {Costa-Kr{\"a}mer, JL},
	Date-Added = {2015-07-11 16:11:46 +0000},
	Date-Modified = {2015-07-11 17:13:36 +0000},
	Journal = {Physical Review B},
	Number = {8},
	Pages = {R4875},
	Publisher = {APS},
	Title = {Conductance quantization at room temperature in magnetic and nonmagnetic metallic nanowires},
	Volume = {55},
	Year = {1997}}
