%% This BibTeX bibliography file was created using BibDesk.
%% http://bibdesk.sourceforge.net/


%% Created for Alan Sanders at 2015-05-04 15:00:27 +0100 


%% Saved with string encoding Unicode (UTF-8) 



@book{born1999principles,
	Author = {Born, Max and Wolf, Emil},
	Date-Added = {2015-05-04 14:00:23 +0000},
	Date-Modified = {2015-05-04 14:00:23 +0000},
	Publisher = {Cambridge university press},
	Title = {Principles of optics: electromagnetic theory of propagation, interference and diffraction of light},
	Year = {1999}}

@book{egerton2011electron,
	Author = {Egerton, Ray},
	Date-Added = {2015-04-28 13:57:45 +0000},
	Date-Modified = {2015-04-28 13:57:45 +0000},
	Publisher = {Springer Science \& Business Media},
	Title = {Electron energy-loss spectroscopy in the electron microscope},
	Year = {2011}}

@book{kreibig1995optical,
	Author = {Kreibig, Uwe and Vollmer, Michael},
	Date-Added = {2015-04-14 09:28:45 +0000},
	Date-Modified = {2015-04-14 09:28:45 +0000},
	Publisher = {Springer Berlin},
	Title = {Optical properties of metal clusters},
	Volume = {25},
	Year = {1995}}

@inbook{haynes2013crc,
	Date-Added = {2015-04-08 08:21:25 +0000},
	Date-Modified = {2015-04-08 08:24:16 +0000},
	Editor = {Haynes, William M},
	Publisher = {CRC press},
	School = {National Institute of Standards and Technology},
	Title = {CRC Handbook of Chemistry and Physics},
	Year = {2013}}

@book{sawyer1995electrochemistry,
	Author = {Sawyer, Donald T and Sobkowiak, Andrzej and Roberts, Julian L},
	Date-Added = {2015-02-27 18:22:50 +0000},
	Date-Modified = {2015-02-27 18:22:50 +0000},
	Publisher = {Wiley},
	Title = {Electrochemistry for chemists},
	Year = {1995}}

@book{keithley2004low,
	Author = {Keithley, Joseph F},
	Date-Added = {2015-02-27 17:48:18 +0000},
	Date-Modified = {2015-02-27 17:48:18 +0000},
	Publisher = {Keithley Instruments},
	Title = {Low Level Measurements Handbook: Precision DC Current, Voltage, and Resistance Measurements},
	Year = {2004}}

@book{maier2007plasmonics,
	Author = {Maier, Stefan Alexander},
	Date-Added = {2015-02-27 14:31:18 +0000},
	Date-Modified = {2015-04-17 16:52:11 +0000},
	Publisher = {Springer Science \& Business Media},
	Title = {Plasmonics: fundamentals and applications},
	Year = {2007}}

@book{jackson1999classical,
	Author = {Jackson, John D},
	Date-Added = {2015-02-27 14:29:58 +0000},
	Date-Modified = {2015-04-19 16:22:16 +0000},
	Publisher = {John Wiley \& Sons},
	Title = {Classical electrodynamics},
	Year = {1999}}
