%% This BibTeX bibliography file was created using BibDesk.
%% http://bibdesk.sourceforge.net/


%% Created for Alan Sanders at 2015-06-09 17:49:51 +0100 


%% Saved with string encoding Unicode (UTF-8) 



@article{matey1985scanning,
	Author = {Matey, JR and Blanc, J},
	Date-Added = {2015-05-11 17:51:12 +0000},
	Date-Modified = {2015-05-11 17:51:12 +0000},
	Journal = {Journal of Applied Physics},
	Number = {5},
	Pages = {1437--1444},
	Publisher = {AIP Publishing},
	Title = {Scanning capacitance microscopy},
	Volume = {57},
	Year = {1985}}

@article{kopanski1996scanning,
	Author = {Kopanski, JJ and Marchiando, JF and Lowney, JR},
	Date-Added = {2015-05-11 17:50:52 +0000},
	Date-Modified = {2015-05-11 17:50:52 +0000},
	Journal = {Journal of Vacuum Science \& Technology B},
	Number = {1},
	Pages = {242--247},
	Publisher = {AVS: Science \& Technology of Materials, Interfaces, and Processing},
	Title = {Scanning capacitance microscopy measurements and modeling: Progress towards dopant profiling of silicon},
	Volume = {14},
	Year = {1996}}

@article{bugg1988scanning,
	Author = {Bugg, CD and King, PJ},
	Date-Added = {2015-05-11 17:50:28 +0000},
	Date-Modified = {2015-05-11 17:50:28 +0000},
	Journal = {Journal of Physics E: Scientific Instruments},
	Number = {2},
	Pages = {147},
	Publisher = {IOP Publishing},
	Title = {Scanning capacitance microscopy},
	Volume = {21},
	Year = {1988}}

@article{zhong1993fractured,
	Author = {Zhong, Q and Inniss, D and Kjoller, K and Elings, VB},
	Date-Added = {2015-04-23 07:55:44 +0000},
	Date-Modified = {2015-04-23 07:55:44 +0000},
	Journal = {Surface Science Letters},
	Number = {1},
	Pages = {L688--L692},
	Publisher = {Elsevier},
	Title = {Fractured polymer/silica fiber surface studied by tapping mode atomic force microscopy},
	Volume = {290},
	Year = {1993}}

@article{putman1994tapping,
	Author = {Putman, Constant AJ and Van der Werf, Kees O and De Grooth, Bart G and Van Hulst, Niek F and Greve, Jan},
	Date-Added = {2015-04-23 07:54:51 +0000},
	Date-Modified = {2015-04-23 07:54:51 +0000},
	Journal = {Applied physics letters},
	Number = {18},
	Pages = {2454--2456},
	Publisher = {AIP Publishing},
	Title = {Tapping mode atomic force microscopy in liquid},
	Volume = {64},
	Year = {1994}}

@article{hansma1994tapping,
	Author = {Hansma, PK and Cleveland, JP and Radmacher, M and Walters, DA and Hillner, PE and Bezanilla, M and Fritz, M and Vie, D and Hansma, HG and Prater, CB and others},
	Date-Added = {2015-04-23 07:54:34 +0000},
	Date-Modified = {2015-04-23 07:54:34 +0000},
	Journal = {Applied Physics Letters},
	Number = {13},
	Pages = {1738--1740},
	Publisher = {AIP Publishing},
	Title = {Tapping mode atomic force microscopy in liquids},
	Volume = {64},
	Year = {1994}}

@article{gan2009atomic,
	Author = {Gan, Yang},
	Date-Added = {2015-04-23 07:47:43 +0000},
	Date-Modified = {2015-04-23 07:47:43 +0000},
	Journal = {Surface Science Reports},
	Number = {3},
	Pages = {99--121},
	Publisher = {Elsevier},
	Title = {Atomic and subnanometer resolution in ambient conditions by atomic force microscopy},
	Volume = {64},
	Year = {2009}}

@article{ohler2007cantilever,
	Author = {Ohler, Benjamin},
	Date-Added = {2015-04-22 09:48:45 +0000},
	Date-Modified = {2015-04-22 09:48:45 +0000},
	Journal = {Review of Scientific Instruments},
	Number = {6},
	Pages = {063701},
	Publisher = {AIP Publishing},
	Title = {Cantilever spring constant calibration using laser Doppler vibrometry},
	Volume = {78},
	Year = {2007}}

@article{langlois2007spring,
	Author = {Langlois, ED and Shaw, GA and Kramar, JA and Pratt, JR and Hurley, DC},
	Date-Added = {2015-04-22 09:48:10 +0000},
	Date-Modified = {2015-04-22 09:48:10 +0000},
	Journal = {Review of Scientific Instruments},
	Number = {9},
	Pages = {093705},
	Publisher = {AIP Publishing},
	Title = {Spring constant calibration of atomic force microscopy cantilevers with a piezosensor transfer standard},
	Volume = {78},
	Year = {2007}}

@article{gates2007precise,
	Author = {Gates, Richard S and Reitsma, Mark G},
	Date-Added = {2015-04-22 09:47:54 +0000},
	Date-Modified = {2015-04-22 09:47:54 +0000},
	Journal = {Review of Scientific Instruments},
	Number = {8},
	Pages = {086101},
	Publisher = {AIP Publishing},
	Title = {Precise atomic force microscope cantilever spring constant calibration using a reference cantilever array},
	Volume = {78},
	Year = {2007}}

@article{cumpson2004quantitative,
	Author = {Cumpson, Peter J and Clifford, Charles A and Hedley, John},
	Date-Added = {2015-04-22 09:44:47 +0000},
	Date-Modified = {2015-04-22 09:44:47 +0000},
	Journal = {Measurement Science and Technology},
	Number = {7},
	Pages = {1337},
	Publisher = {IOP Publishing},
	Title = {Quantitative analytical atomic force microscopy: a cantilever reference device for easy and accurate AFM spring-constant calibration},
	Volume = {15},
	Year = {2004}}

@article{senden1994experimental,
	Author = {Senden, Tim and Ducker, William},
	Date-Added = {2015-04-22 09:42:23 +0000},
	Date-Modified = {2015-04-22 09:42:23 +0000},
	Journal = {Langmuir},
	Number = {4},
	Pages = {1003--1004},
	Publisher = {ACS Publications},
	Title = {Experimental determination of spring constants in atomic force microscopy},
	Volume = {10},
	Year = {1994}}

@article{torii1996method,
	Author = {Torii, Akihiro and Sasaki, Minoru and Hane, Kazuhiro and Okuma, Shigeru},
	Date-Added = {2015-04-22 09:41:21 +0000},
	Date-Modified = {2015-04-22 09:41:21 +0000},
	Journal = {Measurement Science and Technology},
	Number = {2},
	Pages = {179},
	Publisher = {IOP Publishing},
	Title = {A method for determining the spring constant of cantilevers for atomic force microscopy},
	Volume = {7},
	Year = {1996}}

@article{sader1999calibration,
	Author = {Sader, John E and Chon, James WM and Mulvaney, Paul},
	Date-Added = {2015-04-22 09:39:42 +0000},
	Date-Modified = {2015-04-22 09:39:42 +0000},
	Journal = {Review of Scientific Instruments},
	Number = {10},
	Pages = {3967--3969},
	Publisher = {AIP Publishing},
	Title = {Calibration of rectangular atomic force microscope cantilevers},
	Volume = {70},
	Year = {1999}}

@article{levy2002measuring,
	Author = {Levy, R and Maaloum, M},
	Date-Added = {2015-04-22 09:36:53 +0000},
	Date-Modified = {2015-04-22 09:36:53 +0000},
	Journal = {Nanotechnology},
	Number = {1},
	Pages = {33},
	Publisher = {IOP Publishing},
	Title = {Measuring the spring constant of atomic force microscope cantilevers: thermal fluctuations and other methods},
	Volume = {13},
	Year = {2002}}

@article{hutter1993calibration,
	Author = {Hutter, Jeffrey L and Bechhoefer, John},
	Date-Added = {2015-04-22 09:34:49 +0000},
	Date-Modified = {2015-04-22 09:34:49 +0000},
	Journal = {Review of Scientific Instruments},
	Number = {7},
	Pages = {1868--1873},
	Publisher = {AIP Publishing},
	Title = {Calibration of atomic-force microscope tips},
	Volume = {64},
	Year = {1993}}

@article{girard2001electrostatic,
	Author = {Girard, Paul},
	Date-Added = {2015-04-06 21:22:05 +0000},
	Date-Modified = {2015-04-06 21:22:05 +0000},
	Journal = {Nanotechnology},
	Number = {4},
	Pages = {485},
	Publisher = {IOP Publishing},
	Title = {Electrostatic force microscopy: principles and some applications to semiconductors},
	Volume = {12},
	Year = {2001}}

@article{martin1988high,
	Author = {Martin, Yves and Abraham, David W and Wickramasinghe, H Kumar},
	Date-Added = {2015-04-06 21:21:26 +0000},
	Date-Modified = {2015-04-06 21:21:26 +0000},
	Journal = {Applied Physics Letters},
	Number = {13},
	Pages = {1103--1105},
	Publisher = {AIP Publishing},
	Title = {High-resolution capacitance measurement and potentiometry by force microscopy},
	Volume = {52},
	Year = {1988}}

@article{simmons1963generalized,
	Author = {Simmons, John G},
	Date-Added = {2015-03-26 08:48:37 +0000},
	Date-Modified = {2015-03-26 08:48:37 +0000},
	Journal = {Journal of Applied Physics},
	Number = {6},
	Pages = {1793--1803},
	Publisher = {AIP Publishing},
	Title = {Generalized formula for the electric tunnel effect between similar electrodes separated by a thin insulating film},
	Volume = {34},
	Year = {1963}}

@article{san2002unifying,
	Author = {San Paulo, Alvaro and Garcia, Ricardo},
	Date-Added = {2015-03-25 14:02:20 +0000},
	Date-Modified = {2015-03-25 14:02:20 +0000},
	Journal = {Physical Review B},
	Number = {4},
	Pages = {041406},
	Publisher = {APS},
	Title = {Unifying theory of tapping-mode atomic-force microscopy},
	Volume = {66},
	Year = {2002}}

@article{tamayo1996deformation,
	Author = {Tamayo, Javier and Garcia, R},
	Date-Added = {2015-03-25 14:01:49 +0000},
	Date-Modified = {2015-03-25 14:01:49 +0000},
	Journal = {Langmuir},
	Number = {18},
	Pages = {4430--4435},
	Publisher = {ACS Publications},
	Title = {Deformation, contact time, and phase contrast in tapping mode scanning force microscopy},
	Volume = {12},
	Year = {1996}}

@article{lee2002nonlinear,
	Author = {Lee, SI and Howell, SW and Raman, Av and Reifenberger, R},
	Date-Added = {2015-03-25 14:00:30 +0000},
	Date-Modified = {2015-03-25 14:00:30 +0000},
	Journal = {Physical Review B},
	Number = {11},
	Pages = {115409},
	Publisher = {APS},
	Title = {Nonlinear dynamics of microcantilevers in tapping mode atomic force microscopy: A comparison between theory and experiment},
	Volume = {66},
	Year = {2002}}

@article{garcia1999attractive,
	Author = {Garcia, Ricardo and San Paulo, Alvaro},
	Date-Added = {2015-03-25 13:57:42 +0000},
	Date-Modified = {2015-03-25 13:57:42 +0000},
	Journal = {Physical Review B},
	Number = {7},
	Pages = {4961},
	Publisher = {APS},
	Title = {Attractive and repulsive tip-sample interaction regimes in tapping-mode atomic force microscopy},
	Volume = {60},
	Year = {1999}}

@article{huang1995quantitative,
	Author = {Huang, Y and Williams, CC and Slinkman, J},
	Date-Added = {2015-03-24 20:55:41 +0000},
	Date-Modified = {2015-03-24 20:55:41 +0000},
	Journal = {Applied physics letters},
	Number = {3},
	Pages = {344--346},
	Publisher = {AIP Publishing},
	Title = {Quantitative two-dimensional dopant profile measurement and inverse modeling by scanning capacitance microscopy},
	Volume = {66},
	Year = {1995}}
